2908 4764
469 385 554 396 -
597 349 639 414 39
683 385 768 396 .-
952 349 1158 416 rateto-iae

376 541 403 600 (4
421 551 515 589 uersus
531 541 559 588 in
579 538 599 590 C
617 540 667 603 4444
683 540 824 602 nequeunt)
1169 573 1263 637 P⁰B·⁴5

373 748 401 807 (2
418 759 513 796 4444444
528 749 558 796 in
578 745 598 796 G
615 747 665 810 4444
682 747 822 808 4444444441
1069 661 1149 724 urbe

79 871 219 930 ——in
235 868 315 930 urbe
329 869 425 930 Roma

18 977 19 1006 ³
80 955 341 1035 ———-itaque
356 963 392 1016 ut
406 955 1192 1016 seru--—est-—--—--—--—----—⁵

394 1215 421 1273 (2
439 1225 533 1261 uersus
549 1134 685 1276 isnubtlepi
701 1211 841 1273 nequeunt)
1151 1041 1156 1212 ,

866 1353 1149 1397 esse-————-

81 1426 1148 1487 -simile-————--———————-—-—-
1177 1437 1208 1481 44

18 1559 19 1586 t

18 1611 20 1664 4

18 1729 20 1760 4

27 1689 65 1752 445
158 1683 212 1765 Ex·
227 1681 338 1743 eadem
360 1681 431 1762 lege
452 1681 499 1742 ῑιῖ
520 1681 701 1744 tabularum
715 1680 900 1742 libertarum
917 1690 949 1742 et
963 1681 1156 1762 inpubernm

82 1766 257 1830 libertorum
286 1768 385 1829 tutela
413 1765 455 1829 ad
485 1776 634 1848 patronos
662 1767 844 1846 liberosque
867 1786 976 1829 eorum
1004 1769 1154 1849 pertinet.

83 1871 155 1932 quae
177 1863 208 1915 et
230 1854 301 1934 ipsa
322 1854 422 1914 tutela
443 1854 585 1934 legitima
600 1862 742 1934 uocatur,
761 1872 823 1914 non
838 1855 911 1934 4444
924 1854 1157 1916 nominatiores
1176 1867 1207 1913 ts

83 1940 144 2020 iege
165 1941 205 2002 de
227 1941 285 2001 hac
315 1941 415 2001 tutela
444 1947 587 2020 cauetur,
621 1940 675 2002 sed
703 1941 779 2020 quia
800 1939 935 2020 proinde
958 1948 1087 2021 accepta
1109 1949 1157 2002 est

83 2044 134 2105 per
147 2028 448 2106 interpretationem,
471 2033 566 2105 atque
582 2027 609 2088 si
631 2027 741 2088 uerbis
762 2025 843 2106 legis
866 2027 1039 2089 introducta
1058 2035 1154 2088 esset.

84 2129 116 2172 eo
136 2113 218 2174 enim
240 2113 320 2193 ipso,
356 2113 435 2192 quod
457 2112 646 2174 hereditates
673 2113 862 2174 libertorum
890 2113 1153 2192 libertumque,

84 2197 108 2257 si
121 2195 134 2278 11
147 2199 283 2260 intestati
306 2197 527 2277 decessissent,
552 2198 689 2262 iusserat
709 2200 763 2260 lex
778 2197 818 2261 ad
832 2207 981 2279 patronos
996 2199 1156 2262 liberosue
1165 2211 1260 2274 pagus

85 2301 182 2344 eorum
203 2285 376 2366 pertinere,
402 2283 609 2347 crediderunt
630 2294 757 2348 ueteres
779 2284 922 2348 uoluisse
943 2285 1047 2366 legem
1062 2286 1157 2348 etiarn
1174 2299 1206 2346 44

85 2371 189 2432 tutelas
211 2369 252 2434 ad
274 2389 327 2432 eos
348 2371 521 2451 pertinere,
555 2371 631 2451 quia
654 2381 685 2434 et
707 2379 836 2451 agnatos
859 2390 939 2451 quos
961 2370 1003 2433 ad
1024 2370 1156 2433 heredi-

86 2461 171 2517 tatem
192 2457 329 2534 uocauit,
360 2456 487 2519 eosdem
509 2465 542 2518 et
562 2466 683 2520 tutores
706 2475 777 2519 esse
799 2458 948 2520 iusserat.

28 2549 69 2610 itt
160 2543 310 2624 Exemplo
325 2551 530 2624 patronorum
543 2552 684 2625 receptae
694 2539 783 2629 (sunt
795 2550 825 2605 44
834 2543 916 2604 aliae
937 2543 1056 2617 tutelae,
1079 2560 1157 2624 quae

88 2628 200 2710 otiosae
214 2629 363 2712 4444444444
376 2637 538 2691 uocantur.
569 2648 643 2691 nam
661 2632 691 2692 si
712 2631 780 2712 quis
799 2629 897 2710 filiunt
918 2636 1092 2709 nepotemue
1114 2645 1157 2690 esa

86 2713 138 2790 filio
151 2723 177 2776 44
189 2715 327 2796 deinceps
339 2715 511 2796 inpuberes,
538 2723 593 2778 aut
604 2716 701 2796 444444
722 2721 878 2796 neptemue
893 2733 936 2776 ecc
947 2715 1010 2796 4444
1025 2721 1053 2776 44
1067 2714 1156 2776 dein·
1174 2729 1205 2776 45

90 2815 146 2879 ceps
156 2809 216 2863 tam
223 2801 354 2883 puberes
362 2819 456 2883 quarn
466 2801 626 2882 inpuberes
639 2803 732 2864 atteri
742 2821 779 2864 eo
791 2802 854 2884 4444
864 2801 1014 2882 mancipio
1026 2799 1153 2880 dederit,

89 2885 1156 2970 44444444444444444444,4444444444444444444444444444,4444444444

146 3151 214 3216 1445
234 3173 266 3196 --
284 3155 347 3204 1444.
363 3158 387 3216 4,
402 3158 433 3204 47
451 3154 463 3218 1
481 3153 556 3220 §too
576 3167 663 3219 nsque
680 3154 715 3206 ad
735 3159 767 3205 45
784 3157 923 3218 inpuberes
943 3159 971 3206 et
988 3155 1052 3206 inde
1069 3155 1105 3206 ab
1123 3157 1154 3204 47

90 3217 200 3280 4444444444
216 3235 304 3286 nsque
321 3224 357 3274 ad
376 3226 418 3284 to,
434 3227 443 3272 4
466 3226 516 3275 erit
533 3223 589 3275 iere
608 3244 640 3267 =
658 3223 723 3276 inst.
739 3229 762 3287 4,
778 3228 820 3278 48.

90 3359 1156 3384 ”memxmmmwmmwwmwmmmwwwmmmmmmw

148 3472 157 3516 4
177 3471 351 3520 uerisimiliter
368 3473 474 3521 44444444
492 3472 607 3537 [14444444
627 3473 722 3523 Gaium
746 3474 777 3524 44
794 3474 909 3536 4444444444
925 3474 1059 3537 pentinum
1076 3473 1156 3521 444444

91 3536 159 3596 444444
176 3543 249 3600 cipue
267 3540 334 3588 bunc
351 3541 435 3590 444444
452 3553 510 3590 eum
528 3555 593 3602 4444,
619 3543 654 3591 ad
671 3555 746 3604 quem
763 3543 843 3592 lector
860 3555 877 3592 4
898 3541 1000 3600 Gaios,
1016 3543 1047 3590 47
1065 3543 1156 3590 444444-

90 3603 157 3665 4444;
174 3609 233 3668 4444
250 3609 369 3670 deinceps
387 3613 504 3659 secutiun
520 3613 563 3670 sit,
582 3613 697 3661 nescitur
714 3611 725 3675 11
744 3613 844 3660 43-44
863 3611 1010 3660 liberarum
1029 3611 1056 3660 44
1073 3609 1156 3673 inpu-

89 3667 171 3723 berum
190 3675 338 3726 liberorum
359 3677 387 3737 G,
412 3677 573 3729 libertorum
592 3683 618 3730 44
636 3679 795 3730 libertanum
814 3681 877 3730 last.
900 3679 911 3743 11
933 3683 964 3728 45
984 3678 1069 3729 tutela
1087 3677 1156 3742 legi-

88 3739 144 3792 tima
163 3743 188 3804 G,
209 3745 328 3809 legitima
346 3746 429 3796 tutela
448 3747 510 3799 Inst.
531 3747 661 3811 1145-48
680 3751 859 3813 supplementa
873 3749 1053 3810 praebuerunt
1065 3748 1127 3797 last.
1146 3743 1156 3812 11

89 3809 116 3856 it
130 3813 239 3875 proinde
260 3813 287 3872 0,
307 3815 420 3878 perinde
439 3815 500 3866 inst.
521 3816 532 3879 11
551 3821 581 3867 44
601 3819 754 3869 introducta
769 3819 844 3877 inst,
863 3820 973 3882 accepta
994 3816 1042 3880 011
1062 3819 1093 3866 44
1112 3817 1155 3865 in-

89 3877 166 3929 testati
179 3883 250 3941 inst,
271 3883 399 3934 initestati
415 3884 435 3935 C
451 3884 463 3948 1
480 3888 507 3934 44
531 3887 595 3950 quia
611 3887 639 3946 G,
660 3901 724 3938 cum
737 3888 800 3938 Inst.
820 3887 832 3951 1
849 3891 882 3935 44
900 3887 1012 3938 uocauit
1026 3885 1054 3946 0,
1073 3885 1155 3935 uocat
1241 3949 1245 3956 ἦ

90 3943 143 3996 tart.
160 3948 171 4012 1
186 3953 300 4002 iusserat
319 3951 347 4011 0,
367 3954 444 4004 iussit
463 3955 525 4004 Inst.
547 3955 559 4018 11
577 3960 609 4006 44
623 3959 749 4022 receptae
767 3957 927 4016 Lachmann,
947 3957 1036 4006 rectae
1056 3952 1103 4015 011
1122 3955 1153 3999 44

88 4017 173 4080 -44,4
187 4016 542 4086 1144414444444444444444
554 4031 578 4075 ct
588 4026 651 4076 Inst.
661 4031 686 4086 4,
695 4031 727 4076 it
737 4031 762 4076 44
773 4039 816 4076 res
825 4027 1023 4089 4444144444444,Ι
1035 4022 1154 4084 pareatis

91 4085 148 4133 taint
163 4091 354 4140 manumissoris
372 4092 450 4142 444444
465 4093 611 4156 4444444444
631 4108 684 4144 non
709 4097 773 4145 44444
790 4095 968 4145 adnumerari.
999 4091 1080 4142 uerba
1095 4091 1154 4149 ipsa

89 4155 174 4208 partim
190 4159 223 4207 44
241 4158 301 4208 lust.
318 4162 418 4221 partim
436 4161 469 4210 44
490 4161 548 4212 Gai.
564 4168 587 4226 4,
604 4165 654 4217 474
672 4167 811 4227 conposita
828 4168 898 4213 sunt.
