2908 4764
285 356 308 406 33
327 354 485 420 §tos-rm
676 387 762 400 ...
806 353 846 416 78
890 387 975 400 ..-

285 563 348 605 non
368 542 485 606 suitieit
500 563 574 605 eum
590 544 623 604 43
638 551 794 623 potestate
809 545 861 605 334
884 542 995 604 mortis
1009 552 1150 624 tempore
1174 541 1285 621 tuisse,
1311 541 1366 605 sed

285 649 366 709 opus
388 639 436 691 est
458 639 493 692 ut
514 639 605 709 pater
626 648 754 709 quoque
777 629 847 691 eius
869 630 945 690 uiuo
967 637 1057 709 patre
1072 648 1128 691 suo
1144 625 1276 692 desierit
1291 647 1366 690 suus

285 716 388 777 heres·
400 735 469 777 esse
492 726 547 776 aut
562 725 660 777 morte
677 717 871 795 interceptus
886 723 941 777 aut
955 714 1098 796 quelibet
1113 713 1233 776 ratione
1249 713 1366 777 libera·
1422 788 1424 799 Ι

284 811 335 863 433
357 809 529 882 potestate;
556 812 623 863 tum
647 801 730 863 enim
754 820 855 881 nepos
869 799 1019 882 neptisue
1034 799 1067 860 in
1083 801 1185 862 locum
1201 801 1252 862 sui
1269 801 1366 881 patris

203 890 262 952 457
285 887 470 950 succedunt.
512 888 576 950 Sed
597 889 646 950 sui
669 886 799 966 quidem
821 886 951 948 heredes
971 885 1043 950 ideo
1059 887 1274 968 appellantur,
1294 889 1393 966 quiet

285 973 447 1036 domestici
469 973 604 1036 heredes
627 981 702 1035 sunt
730 983 762 1035 et
790 975 866 1035 uiuo
897 991 1023 1054 quoque
1054 981 1187 1053 parente
1216 972 1367 1052 quodant-
1433 999 1435 1024 z

285 1059 376 1120 modo
398 1059 517 1121 domini
541 1059 777 1136 existimantur3
808 1058 907 1128 unde,
923 1062 1018 1120 ctiam
1046 1059 1170 1138 siquis
1199 1058 1366 1121 intestatus
1433 1055 1434 1062 ’

284 1155 427 1208 mortuus
450 1146 501 1225 sit,
528 1147 630 1226 prima
652 1163 745 1207 eausa
762 1146 858 1207 estin
875 1145 1072 1207 successione
1088 1145 1277 1207 liberorum.
1309 1163 1364 1205 ne-

285 1233 413 1294 cessarii
437 1251 513 1293 uero
535 1231 605 1294 ideo
629 1230 791 1311 dicuntur,
817 1231 893 1311 quia
915 1231 1001 1292 omni
1021 1229 1123 1311 modo,
1152 1227 1250 1314 (sine)
1266 1231 1366 1292 uelint
1435 1267 1436 1270 =

284 1320 353 1380 siue
377 1315 497 1402 (nolint,
524 1314 601 1401 tom)
624 1317 665 1379 ab
687 1319 832 1380 intestato
855 1335 950 1398 quam
974 1336 1014 1378 ex
1035 1325 1216 1378 testamento
1232 1315 1366 1378 heredes
1382 1331 1405 1375 tt

202 1407 262 1468 458
286 1404 377 1465 fiunt.
418 1403 475 1465 sed
497 1405 547 1466 his
568 1413 697 1484 praetor
718 1404 873 1484 permittit
895 1402 1055 1466 abstinere
1072 1422 1106 1466 se
1123 1402 1164 1465 ab
1180 1403 1362 1480 hereditate,

202 1493 262 1555 teo
285 1499 321 1552 ut
342 1491 448 1570 potius
477 1490 619 1570 parentis
642 1490 724 1552 bona
747 1498 896 1551 ueneant.
943 1488 1031 1551 idem
1060 1490 1138 1550 iuris
1167 1497 1215 1550 est
1242 1498 1276 1550 ct
1304 1485 1364 1571 <43>

286 1577 394 1638 uxoris
416 1594 553 1656 persona
577 1577 714 1656 quaein
738 1594 835 1637 manu
857 1585 916 1654 εει,
942 1576 1018 1656 quia
1040 1575 1122 1636 filiae
1146 1576 1211 1638 loco
1235 1584 1303 1652 est,
1336 1583 1365 1634 et

202 1666 260 1725 460
286 1662 317 1723 43
342 1681 428 1723 3333
451 1680 533 1742 quae
556 1662 589 1723 in
613 1680 709 1724 manu
732 1661 863 1741 41144334,
890 1662 965 1741 quia
980 1664 1085 1741 neptis
1100 1662 1166 1723 1333
1182 1669 1241 1723 est.
1285 1661 1365 1734 Quin
1382 1673 1405 1719 tt
1436 1683 1437 1692 2

285 1749 379 1810 etiam
402 1749 549 1810 similiter
575 1747 759 1810 abstinendi
789 1745 982 1832 potestatem
1011 1747 1086 1810 iacit
1114 1755 1241 1828 praetor
1270 1695 1437 1830 etiampagd

286 1835 315 1895 ei
338 1835 392 1914 qui
415 1835 449 1895 in
471 1853 565 1896 eausa
587 1835 734 1913 mancipii
757 1842 815 1912 εει,
843 1745 902 1917 <dd
918 1853 989 1895 eum
1006 1833 1149 1895 libertate
1163 1833 1257 1894 heres
1274 1833 1367 1895 insti·
1436 1855 1437 1864 2

286 1929 373 1982 tutus
396 1921 454 2000 sit,
482 1921 622 2002 quemuis
644 1920 858 1999 necessarius,
892 1938 954 1980 non
977 1921 1072 1982 etiam
1095 1938 1173 1981 suus
1195 1919 1291 1980 heres
1314 1919 1363 1996 sit,

202 2009 256 2068 464
285 2013 444 2085 tamquam
467 2025 591 2068 seruus
639 2005 744 2068 Ceteri
773 2007 828 2086 qui
856 2007 1015 2068 testatoris
1048 2005 1107 2067 iuri
1138 2003 1273 2068 subiecti
1306 2022 1365 2066 333
1437 2009 1438 2012 ’

284 2101 377 2169 3334,
403 2093 547 2152 extranei
570 2090 707 2154 heredes
728 2091 939 2173 appellantur.
986 2092 1094 2172 itaque
1121 2089 1215 2152 liberi
1239 2109 1365 2171 quoque

284 2177 385 2238 nostri
409 2179 464 2258 qui
488 2177 521 2238 in
546 2187 698 2259 potestate
728 2187 834 2239 nostre
864 2196 926 2238 uon
955 2187 1047 2257 sunt,
1080 2177 1210 2240 heredes
1233 2198 1251 2239 3
1272 2176 1407 2238 nobisne

285 2262 422 2325 433444344
448 2261 553 2346 [34334]
579 2265 724 2326 extranei
746 2263 909 2327 uidentur.
950 2261 1076 2346 quade
1100 2281 1191 2326 causa
1216 2273 1247 2326 et
1269 2263 1365 2344 quia

285 2358 383 2410 matre
407 2349 543 2412 heredes
567 2351 788 2426 instituuntur,
815 2349 925 2412 eodem
947 2369 1079 2412 numero
1103 2358 1192 2427 sunt,
1219 2350 1296 2429 quia
1319 2349 1365 2410 fe·
1438 2385 1439 2394 1

285 2437 389 2496 minae
411 2436 528 2499 liberos
549 2439 582 2499 in
605 2445 761 2517 potestate
784 2455 847 2498 non
867 2435 995 2498 habent.
1036 2437 1122 2498 serui
1145 2454 1283 2515 quoque,
1312 2433 1366 2516 qui
1438 2477 1439 2482 η

1325 2603 1366 2620 W
1438 2625 1439 2628 t

211 2721 213 2726 ,
352 2693 426 2759 §ter
448 2715 479 2738 =
499 2696 563 2745 1334.
579 2698 603 2751 4,
626 2699 668 2754 44,
687 2698 701 2742 4
726 2693 738 2758 ΙΙ
764 2691 839 2758 §tte
859 2706 944 2758 usque
962 2693 995 2743 ad
1016 2696 1046 2741 44
1066 2693 1132 2742 4333
1150 2713 1182 2736 .-.-.
1201 2694 1265 2743 1334.
1282 2697 1307 2756 4,
1325 2695 1364 2753 44,

284 2767 298 2880 ξ
317 2761 359 2880 11494
374 2767 417 2880 4344
441 2777 528 2828 usque
546 2763 581 2813 ad
593 2765 625 2812 44
645 2765 737 2814 tabent
756 2783 788 2807 =
808 2765 874 2814 lust.
890 2767 914 2825 4,
931 2765 971 2819 44,
986 2766 1014 2827 4;
1035 2761 1070 2812 ad
1088 2761 1192 2826 relique
1212 2760 1286 2812 coni.
1300 2763 1363 2812 1334.

301 2871 308 2894 t
359 2868 365 2892 4
398 2870 405 2884 ·

282 2967 326 2982 »ΛΑ

353 3074 362 3118 4
385 3083 447 3122 eum
468 3069 494 3132 C,
515 3083 578 3120 eum
596 3083 692 3120 eamne
710 3071 773 3121 1334.
793 3071 804 3134 11
824 3074 838 3119 t
857 3085 964 3136 quoque
985 3071 1013 3133 C,
1033 3072 1162 3120 3431334.
1182 3069 1193 3133 ll
1212 3073 1225 3118 4
1245 3069 1367 3134 qualibet

285 3141 313 3202 C,
339 3138 460 3203 qualibet
479 3139 533 3189 3143
552 3139 614 3191 1334.
640 3138 651 3201 ΙΙ
676 3141 767 3189 44333
789 3139 816 3202 G,
843 3143 909 3190 tuno
928 3141 989 3191 inst.
1014 3139 1025 3204 ΙΙ
1049 3141 1091 3190 sui
1109 3141 1194 3204 patris
1212 3139 1367 3190 succedunt

284 3208 312 3270 G,
333 3208 416 3272 patris
429 3209 471 3258 sui
484 3206 606 3258 succedit
618 3208 678 3258 1334.
697 3207 708 3271 ΙΙ
727 3211 741 3256 4
760 3208 903 3259 domestici
916 3210 991 3269 1334.,
1011 3207 1209 3259 (13333334ιεί0
1226 3208 1237 3271 ΙΙ
1254 3211 1366 3274 parente

284 3276 311 3336 0,
330 3279 407 3342 patre
425 3278 490 3327 1334.
508 3276 520 3340 11
536 3276 740 3340 quodammodo
760 3277 834 3335 1334.,
854 3279 928 3342 quod
946 3279 982 3328 ad
1000 3278 1081 3328 modo
1098 3277 1159 3340 0411
1176 3280 1243 3325 4-4
1263 3279 1286 3328 34
1304 3277 1366 3341 quis

281 3347 423 3396 intestatus
442 3349 567 3396 mortuus
581 3346 653 3406 1334.,
674 3347 697 3396 34
716 3347 778 3410 quis
797 3348 939 3397 intestatus
951 3360 1013 3397 mor
1029 3343 1033 3413 4
1048 3349 1071 3396 34
1084 3347 1146 3410 quis
1158 3347 1303 3397 intestatus
1315 3345 1366 3395 ’tus

284 3413 418 3474 04334443
435 3415 568 3465 nonnullis
583 3427 633 3478 per
651 3416 823 3465 carmentis
846 3419 964 3478 scriptio,
990 3419 1037 3466 334
1058 3428 1148 3466 errore
1168 3427 1218 3478 per
1241 3418 1367 3466 33343333

279 3484 413 3544 indicato),
428 3484 495 3546 conf.
513 3484 545 3534 0⁸
562 3484 573 3548 11
592 3487 676 3533 4-44
690 3485 748 3534 3433
761 3484 847 3535 331434
859 3486 918 3534 3433
931 3485 1017 3534 331434
1029 3488 1083 3535 tem
1098 3485 1172 3542 1334.,
1187 3483 1309 3534 33143433
1327 3479 1367 3548 ΟΙΙ

282 3555 312 3599 to
332 3553 492 3602 testamento
511 3553 586 3615 1334.,
607 3555 688 3604 testat
705 3552 788 3604 modo
809 3552 853 3614 (5¹¹,
873 3553 941 3616 3334.
964 3551 1164 3618 0443347711
1185 3555 1211 3600 44
1234 3553 1367 3617 permittit

283 3619 325 3682 0¹¹,
345 3623 479 3685 permittit
495 3621 651 3672 uolentibus
670 3623 731 3672 1334.
758 3622 769 3686 ΙΙ
793 3622 941 3673 hereditate
960 3623 1034 3683 1334.,
1061 3622 1156 3671 heredi
1177 3619 1221 3680 Cn,
1242 3622 1310 3684 cons.
1335 3619 1366 3670 O·

277 3701 340 3753 pap.
353 3691 405 3744 274
423 3703 495 3740 nere.
510 3697 523 3740 4
537 3705 605 3753 seqq.
626 3691 814 3754 3433332411
834 3695 864 3740 te
884 3693 911 3741 in
930 3693 1030 3742 3444444
1050 3691 1178 3741 4433334433
1200 3689 1211 3752 ΙΙ
1237 3695 1268 3738 tt
1288 3692 1366 3755 pote-

279 3760 375 3808 statem
391 3757 717 3828 44333433,33341334333
733 3760 777 3823 0¹¹,
792 3761 858 3824 cons.
874 3760 906 3810 c·
914 3773 976 3824 pap.
992 3764 1042 3814 289
1056 3765 1080 3810 et
1088 3773 1149 3822 pap.
1161 3763 1212 3809 444
1229 3759 1241 3823 ΙΙ
1261 3763 1291 3808 te
1306 3763 1367 3808 ante

279 3828 407 3892 mancipii
419 3831 447 3878 tn
461 3826 495 3879 01¹
507 3830 597 3880 344443
609 3834 646 3879 334
657 3831 746 3893 plocen
758 3831 785 3881 id
799 3833 839 3880 est
851 3830 1015 3894 mancipato,
1035 3842 1113 3891 queen
1124 3829 1235 3878 43433344
1247 3829 1347 3878 1143333
1357 3823 1367 3892 d

279 3898 302 3948 si
321 3898 438 3947 34444333
455 3911 489 3947 ec
502 3901 649 3948 contectura
666 3899 677 3962 11
697 3898 823 3949 libertate
836 3898 962 3958 Huschke,
980 3897 1096 3948 liberet?
1111 3897 1153 3960 01¹,
1166 3895 1232 3958 conf.
1251 3897 1285 3947 04
1299 3909 1362 3959 pop.

278 3968 329 4020 274
347 3966 358 4030 ΙΙ
378 3970 407 4015 44
422 3967 548 4030 quemuis
561 3967 686 4028 11333443,
701 3981 762 4017 cum
780 3968 808 4028 G,
822 3967 889 4029 3334.
908 3966 940 4018 0³
954 3979 1016 4030 pop.
1031 3969 1082 4021 447
1095 3966 1141 4029 ins.
1161 3965 1172 4028 ΙΙ
1191 3969 1224 4014 tt
1238 3964 1362 4027 heredes]

279 4036 346 4098 cons.
361 4036 393 4086 0⁵
408 4048 469 4100 pop.
482 4040 532 4088 269
551 4035 562 4097 ΙΙ
581 4039 609 4085 et
633 4037 704 4086 siout
721 4038 842 4087 extranei
863 4036 891 4096 0,
917 4037 1039 4086 extranei
1056 4035 1171 4086 heredes
1189 4035 1266 4093 inst.;
1293 4036 1366 4084 siout

279 4104 371 4154 4343344
395 4105 537 4154 Mommsen
561 4104 573 4168 ΙΙ
597 4107 698 4154 44-44
727 4119 742 4154 3
767 4107 853 4155 matre
877 4105 991 4154 heredes
1019 4104 1070 4168 0¹¹,
1097 4102 1212 4154 heredes
1239 4117 1254 4152 3
1279 4107 1365 4153 matre

279 4173 340 4221 1334.
360 4171 372 4236 u
391 4175 422 4220 23
443 4172 590 4224 1413333343
609 4175 740 4239 potestate
762 4173 791 4235 0,
812 4175 837 4223 in
856 4177 991 4239 potestate
1009 4173 1111 4224 liberos
1131 4173 1192 4222 1334.
