2908 4764
461 367 546 380 ...-
589 336 628 396 57
676 367 759 380 ...-
805 367 808 373 .
982 335 1151 402 riser-rs

26 191 28 226 i

26 233 27 264 l

89 543 142 604 que
161 532 300 585 nostrum
322 541 393 585 csse
411 523 620 603 intellegitur,
639 523 652 605 11
668 521 768 585 donec
782 531 890 585 nostra
904 521 1049 585 custodia
1063 537 1254 599 coer-paguo

89 619 194 685 ceatur;
220 629 293 671 cum
323 627 399 670 uero
430 608 607 672 custodiam
630 618 769 672 nostram
792 609 933 671 suaserit
955 617 987 670 et
1009 609 1042 670 in
1057 617 1153 671 natu-

89 696 170 757 ralem
191 694 359 757 libertatem
380 713 413 756 se
434 697 607 775 receperit,
642 714 754 757 rursus
776 695 961 774 occupantis
991 693 1042 772 fit,
1076 695 1153 774 quia
1236 741 1237 744 η

88 789 208 843 nostrum
230 798 301 843 esse
322 779 456 857 desinit;
483 781 659 842 naturalem
682 789 789 844 autem
811 779 992 842 libertatem
1009 781 1152 862 recipere
1206 800 1213 864 J

87 866 210 946 uidetur,
235 886 307 928 oum
330 875 387 928 aut
409 867 514 929 oculos
536 875 659 929 nostros
682 868 831 946 suaserit,
858 875 912 928 aut
934 867 1008 928 licet
1029 867 1063 928 r'n
1078 881 1186 930 oon-e

23 953 72 1044 168
90 962 184 1032 spectu
206 955 247 1015 sit
269 948 393 1032 nostro,
427 951 567 1014 difficilis
597 961 702 1016 tamon
726 954 790 1014 eius
813 952 994 1032 persecutio
1018 954 1070 1014 sit.
1118 955 1152 1014 ln

87 1037 125 1100 lis
143 1049 243 1101 autem
265 1036 458 1100 animalibus
480 1058 564 1119 quac
588 1057 629 1100 ex
650 1038 880 1100 consuetudine
896 1036 984 1099 abire
1001 1047 1032 1100 et
1046 1037 1152 1102 redire

87 1125 183 1204 solent,
207 1125 309 1188 uoluti
332 1123 486 1187 columbis
509 1134 541 1187 et
564 1123 689 1205 apibus,
717 1126 793 1186 item
813 1125 917 1186 cernis
932 1127 988 1204 qui
1004 1125 1037 1185 in
1053 1125 1152 1187 siluas

23 1229 25 1258 ι
86 1211 123 1272 ire
143 1219 171 1272 et
190 1209 296 1273 redire
318 1211 439 1290 solent,
463 1211 559 1273 talem
581 1210 734 1274 habemus
756 1211 899 1291 regulam
922 1209 1089 1289 traditam,
1116 1219 1153 1274 ut

22 1259 25 1408 1
86 1298 106 1357 si
125 1295 302 1359 reuertendi
324 1298 465 1358 animum
488 1296 606 1358 habero
629 1297 800 1376 desierint,
834 1297 929 1359 etiam
951 1303 1058 1359 nostra
1081 1315 1151 1358 esse
1170 1310 1201 1356 to

22 1415 23 1432 ÷
86 1380 213 1445 desinant
236 1391 275 1464 etl
290 1382 367 1445 fiant
388 1383 628 1464 occupantium
661 1381 846 1446 reuertendi
877 1391 982 1444 autern
1010 1383 1151 1445 animum

22 1437 24 1544 1
85 1467 220 1531 uidentur
242 1469 389 1532 desinere
412 1468 546 1548 habero,
579 1488 652 1530 cum
676 1468 860 1540 reuertendi
888 1467 1151 1531 consuetudinem

22 1547 68 1622 {te
85 1552 275 1617 deseruerint.
320 1557 365 1617 Ea
384 1567 516 1635 'quoque
538 1574 621 1635 quae
644 1575 685 1617 ex
707 1555 853 1616 hostibus
880 1556 1061 1635 capiuntur,
1094 1573 1152 1616 na-

40 1635 67 1697 it
83 1641 163 1702 turali
185 1643 305 1704 ratione
328 1651 434 1703 nostra
456 1642 547 1702 fiunt.
588 1639 652 1702 Sed
674 1650 706 1704 et
728 1641 761 1702 id
777 1640 861 1721 quod
875 1659 934 1720 per
948 1640 1151 1702 adluuionem

84 1725 160 1788 nobis
184 1725 332 1806 adicitur,
365 1726 475 1789 eodem
505 1728 576 1789 iure
604 1736 748 1789 nostrum
777 1727 828 1804 fit3
860 1745 920 1807 per
947 1725 1151 1788 adluuionem
1171 1736 1201 1786 re

29 1842 31 1852 ν
84 1821 173 1874 autom
201 1813 234 1875 id
263 1812 394 1875 uidetur
423 1813 506 1876 adici
534 1811 621 1894 quod
654 1814 697 1874 ita
730 1813 883 1894 paulatim
920 1811 1039 1874 flumen
1076 1831 1150 1892 agro

83 1907 174 1960 nostro
195 1898 304 1978 adicit,
330 1907 366 1960 ut
387 1899 555 1962 aestimare
578 1918 641 1960 non
657 1901 826 1980 possimus,
853 1907 1008 1979 quantum
1023 1917 1150 1978 quoquo

83 1995 222 2048 monento
245 1986 398 2066 temporis
420 1984 594 2064 adiciatur3
627 1986 686 2047 hoc
715 1993 763 2047 est
793 1983 879 2065 quod
906 1985 1003 2066 uulgo
1034 1983 1152 2046 dicitur

83 2087 132 2148 per
150 2070 351 2134 adluuionem
374 2070 408 2132 id
431 2070 514 2133 adici
537 2070 641 2133 uideri
664 2071 750 2151 quod
772 2072 816 2133 ita
830 2071 984 2152 paulatim
999 2069 1147 2150 adicitur,

39 2147 62 2210 il
83 2164 113 2216 ut
130 2158 229 2219 oculos
251 2167 374 2219 nostros
397 2157 495 2218 fallat.
542 2159 652 2237 ltaque
674 2158 702 2219 si
724 2157 843 2220 flumen
866 2166 989 2238 partem
1012 2157 1200 2238 aliquemne

84 2259 117 2300 ex
134 2251 181 2305 tuo
203 2242 334 2324 praedio
356 2243 522 2306 resciderit
545 2253 577 2306 ct
599 2243 640 2306 ad
662 2263 768 2305 meum
783 2242 950 2324 praedium
966 2244 1147 2324 pertulerit,

39 2319 66 2382 li
83 2325 147 2391 haec
166 2347 239 2410 pars
262 2340 316 2391 tua
339 2326 465 2413 meliust.
505 2328 545 2392 At
565 2331 592 2391 si
615 2330 648 2390 in
670 2328 775 2392 medio
798 2329 928 2391 flumine
950 2329 1054 2391 insula
1076 2337 1248 2404 natapogai

83 2413 130 2490 sit,
157 2415 234 2476 haec
264 2434 374 2476 eorum
404 2416 545 2476 omnium
577 2417 752 2478 communis
783 2424 831 2476 est
860 2417 917 2495 qui
945 2414 985 2476 ab
1015 2424 1150 2494 utraque

83 2509 159 2577 parte
180 2501 321 2564 fluminis
343 2519 444 2582 prope
467 2503 570 2582 ripam
593 2500 724 2582 praedia
739 2501 918 2582 possident;
945 2500 972 2561 si
994 2519 1072 2561 uero
1087 2518 1149 2560 non

83 2585 163 2648 sitin
183 2587 288 2650 medio
311 2587 455 2665 flumine,
481 2587 522 2650 ad
544 2607 597 2650 eos
620 2588 758 2668 pertinet
781 2588 836 2666 qui
852 2585 893 2648 ab
909 2605 945 2646 ea
961 2593 1051 2666 parte
1067 2604 1150 2666 quae
1169 2598 1199 2646 st

39 2662 66 2725 7³
83 2676 208 2748 proxima
232 2683 296 2752 est,
331 2674 420 2735 iuxta
451 2675 554 2754 ripam
582 2672 719 2754 praedia·
741 2673 869 2735 habent.
924 2673 1088 2734 Praeterea
1117 2671 1151 2734 id

84 2835 1150 2860 *WVvvmmvaNmNvavavavvavwvvvxmvmwvwmwwiwvmm

138 2935 190 3002 148
209 2939 274 2988 inde
293 2937 327 2988 ab
346 2941 377 2987 44
398 2941 421 2988 et
438 2935 493 2988 lere
512 2958 543 2982 =
563 2939 628 2988 Inst.
649 2943 674 3000 2,
695 2942 721 3000 4,
736 2941 768 2988 tt
792 2938 804 3002 11
827 2937 937 3003 444144
958 2938 1148 3002 usqueadeo

82 3003 194 3058 4444444444
211 3005 284 3060 conl.
305 3008 355 3058 Gai
372 3019 417 3058 ras
435 3007 530 3058 cottid.
552 3008 618 3071 (Dis.
634 3010 677 3072 44,
694 3012 717 3071 4,
734 3012 758 3069 ’4,
774 3012 784 3056 4
858 3009 924 3058 inst.
938 3010 961 3069 t,
980 3011 1004 3068 4,
1020 3007 1072 3069 it).

962 3153 1148 3169 ΝΛΛΛΛΛΛΛΛΛΝ

81 3249 111 3313 it,
123 3259 147 3306 ct
158 3270 188 3308 eo
200 3271 297 3319 usque
310 3258 383 3318 etc.;
400 3258 462 3307 Ios.
477 3258 541 3308 onec
552 3257 660 3310 habeat:
680 3259 761 3309 Ferae
774 3258 855 3321 igitur
867 3257 970 3308 bestiae
984 3261 1010 3308 et
1022 3256 1149 3308 uolucres

80 3325 102 3370 st
115 3325 207 3388 pisces,
227 3327 256 3377 id
274 3329 316 3377 est
334 3327 426 3376 omnia
444 3327 578 3389 animalia,
600 3339 669 3392 quse
687 3328 715 3376 in
732 3329 803 3377 terra
816 3327 885 3377 mari
898 3326 974 3376 caelo
988 3328 1147 3388 nascuntur,

80 3390 228 3460 simulatque
245 3394 281 3446 ab
300 3395 390 3460 aliquo
410 3397 489 3460 capta
506 3394 620 3457 luerint,
648 3396 707 3446 iure
731 3395 853 3460 gentium
876 3396 968 3446 statim
992 3394 1066 3445 illius
1089 3408 1150 3446 esso

80 3458 212 3526 incipiunt3
238 3463 314 3528 quod
331 3465 404 3514 enim
421 3467 484 3514 ante
502 3464 605 3514 nullius
623 3467 678 3528 est,
698 3464 726 3516 id
746 3464 861 3515 naturali
879 3465 984 3514 ratione
1003 3465 1148 3529 occupanti

80 3531 223 3583 conceditur
240 3570 264 3585 ..
278 3571 285 3583 .
299 3569 325 3582 ..
346 3532 479 3597 quidquid
497 3535 590 3584 autom
608 3546 704 3584 eorum
720 3534 834 3598 ceperis,
855 3546 886 3583 eo
899 3545 987 3597 usque
1000 3535 1078 3582 tuum
1090 3546 1150 3584 esse

80 3596 238 3665 intellegitur,
259 3602 349 3652 donoc
361 3605 406 3652 tua
420 3601 545 3653 custodia
557 3605 711 3664 oocroetur;
732 3602 800 3665 coos.
815 3603 893 3652 ctiam
905 3601 965 3664 Dio.
981 3606 1024 3661 44,
1041 3605 1105 3668 4,,4.
1120 3605 1147 3654 5.

138 3673 146 3718 4
168 3673 326 3721 coerceatur
347 3669 392 3730 0¹¹,
412 3673 555 3722 coercetur
575 3670 626 3722 Gai
641 3683 685 3722 res
703 3673 788 3722 ootttd.
807 3675 831 3722 ct
849 3671 911 3721 last.
932 3671 943 3733 11
962 3674 975 3719 ³
995 3669 1149 3722 libertatem

79 3745 102 3784 sc
118 3736 171 3802 lito.
190 3741 261 3800 lost,
288 3752 317 3790 se
341 3737 493 3790 libertatem
522 3740 541 3791 0
563 3739 574 3803 11
595 3741 731 3804 receperit
755 3740 816 3805 Dtp.
837 3740 907 3802 lost,
933 3739 1086 3804 perceperit
1105 3737 1151 3807 011

80 3803 91 3850 4
107 3811 222 3859 nostrum
235 3809 308 3872 Dia„
328 3811 421 3858 nostra
436 3807 456 3858 G
471 3807 482 3874 11
500 3812 514 3858 t
533 3809 562 3858 in
581 3810 641 3873 Dia.
662 3810 736 3867 lost,
756 3822 791 3859 an
813 3805 861 3872 01
880 3811 894 3857 6
913 3808 972 3858 cius
990 3809 1052 3873 Dte.
1073 3809 1147 3870 lost„

79 3871 137 3924 inrci
156 3875 183 3939 0,
203 3873 284 3944 inldcl
302 3877 341 3928 rel
360 3878 502 3928 Mommsen
520 3877 532 3941 1
551 3881 576 3927 44
600 3879 801 3942 occupantium
814 3878 889 3939 lost,
910 3878 1084 3941 occupatium
1104 3874 1150 3942 011

79 3942 105 3988 13
121 3943 287 3997 deseruerint
300 3946 375 4008 lost,
395 3946 577 4012 desieruerint
592 3945 612 3997 G
630 3946 641 4010 11
660 3950 692 3995 itt
711 3947 738 3996 id
753 3947 813 4010 Dtp.
829 3947 903 4006 loct,
919 3946 956 3996 ita
972 3945 992 3996 G
1008 3945 1020 4008 1
1039 3949 1070 3995 tr
1088 3945 1149 3994 adi-

79 4009 109 4058 cit
122 4012 256 4077 Gocectcm
276 4014 345 4066 dicit
359 4013 378 4066 0
394 4013 405 4078 11
425 4017 452 4064 sl
476 4015 628 4079 resciderit]
649 4015 715 4078 conf.
734 4014 766 4066 0³
781 4027 844 4079 pao.
858 4017 910 4069 298
922 4014 970 4077 tos.
990 4014 1002 4078 1
1021 4017 1051 4063 se
1071 4025 1148 4063 com-

79 4083 155 4133 munis
174 4083 314 4147 Gocsctco,
335 4095 480 4134 commune
500 4081 615 4147 0140441.
634 4085 729 4134 codicis
749 4083 769 4134 C
786 4086 944 4146 scriptoram
961 4093 1043 4144 aspro
1061 4080 1119 4132 Gai.
1134 4083 1147 4130 4

79 4143 152 4212 14441
169 4153 180 4217 1
199 4155 231 4202 st
249 4152 390 4218 possident
404 4151 542 4217 Goeeclcn,
562 4153 739 4219 possidentur
753 4153 796 4215 0¹¹,
816 4151 883 4215 coos.
899 4151 931 4202 G·
939 4164 1002 4216 poa.
1015 4154 1067 4202 sot
1077 4152 1145 4202 med.
