2908 4764
38 571 152 646 praeter
167 562 389 625 institutiones
408 561 499 624 libris
522 563 619 625 Gaius
642 571 770 626 secutus
793 571 842 625 664
853 561 904 645 ¹⁰).
943 565 1055 644 ltaque
1079 564 1216 646 (praeter

39 648 275 730 orthographica)
306 649 340 708 in
369 649 514 711 minutiis
544 648 607 711 sibi
637 657 834 712 constantem
865 668 936 712 esse
966 651 1079 713 Gaium
1107 652 1211 729 nolui;

40 733 112 818 qnod
132 735 188 816 qui
211 735 374 813 maluerit,
400 733 485 796 facili
507 735 632 816 negotio
654 735 731 797 talia
754 734 937 798 emendabit
959 737 1053 817 quale
1070 736 1150 799 illud
1165 747 1215 800 664

39 820 153 903 itata
180 819 267 902 (pag.
287 821 339 898 43,
361 819 399 881 47
424 821 519 884 huius
542 820 700 904 editionis)
728 820 966 904 obligationisne
988 823 1212 904 suscipiendae.

39 906 164 970 Eandem
185 907 433 970 inconstantiam
455 909 488 968 in
510 907 682 970 uerborum
705 907 807 970 modis
836 907 1024 970 adhibendis
1052 927 1115 970 non
1144 927 1214 972 raro

40 1014 99 1056 oum
121 995 143 1055 G
162 1011 357 1056 conseruare
384 993 498 1056 malui:
528 995 631 1056 ueluti
654 994 666 1054 l
688 991 763 1076 §76
792 993 874 1075 (pag.
894 995 944 1074 i9,
964 995 1005 1057 22
1028 995 1122 1057 huius
1145 994 1215 1057 odi-

39 1080 126 1161 tionis)
157 1087 311 1162 expectes
339 1079 499 1141 conubium
528 1081 598 1159 sit,
631 1074 774 1162 I§i95¹‘
807 1078 889 1161 (pag.
909 1081 960 1159 ll,
981 1080 1028 1161 il)
1065 1089 1214 1161 expectes

40 1166 182 1245 dederit,
209 1175 273 1228 etc.
319 1167 383 1227 Nec
404 1175 511 1228 tamen
532 1167 621 1228 inani
643 1165 834 1246 prudentiae
857 1165 951 1228 laude
974 1166 1039 1228 sola
1061 1165 1211 1229 delector.

41 1252 109 1325 Quin
129 1254 224 1314 etiam
249 1252 356 1314 neseio
379 1271 420 1314 an
442 1252 605 1314 nonnullis
626 1252 705 1314 locis
727 1253 853 1333 longius
876 1272 971 1333 quam
994 1272 1053 1334 666
1074 1262 1124 1314 664
1137 1272 1214 1334 666-

41 1357 151 1417 gressus
172 1341 235 1401 sim
260 1339 295 1399 in
317 1337 525 1418 perpolienda
547 1339 687 1400 oratione
704 1339 841 1401 Gaiana:
868 1340 914 1401 sic
935 1337 1067 1402 uidetur
1082 1338 1212 1420 quidem

41 1423 102 1486 Gaio
122 1425 153 1486 in
174 1424 453 1503 Institutionibus,
486 1426 513 1486 si
542 1423 642 1487 codici
667 1425 690 1485 O
711 1423 791 1486 fides
820 1423 965 1487 habenda
993 1435 1058 1505 est,
1090 1425 1212 1506 ubique

42 1509 117 1572 reddi
136 1530 229 1592 posse
250 1510 383 1593 proinde
405 1510 504 1572 forma
525 1508 617 1591 (coni.
637 1511 674 1571 0²
695 1530 768 1591 pag.
787 1509 880 1593 286);
906 1520 1044 1574 attamen
1059 1511 1213 1574 confiten-
1315 1551 1317 1558 ,

42 1594 103 1657 dum
123 1606 169 1659 est
195 1598 230 1658 in
263 1597 310 1659 eis
339 1597 543 1678 fragmentis,
577 1615 659 1677 quae
689 1599 745 1677 qui
775 1596 866 1659 iussu
896 1598 1062 1660 iustiniani
1084 1598 1211 1677 Digesta

7 1677 8 1684 '
42 1683 279 1763 compilauerunt
302 1702 341 1744 ex
368 1684 441 1745 aliis
467 1682 603 1765 (praeter
625 1681 852 1764 institutiones)
880 1684 935 1746 Gai
962 1682 1055 1746 libris
1078 1701 1213 1764 excerp-

42 1778 144 1848 serunt,
170 1768 298 1849 Gaium,
325 1770 352 1831 si
373 1769 425 1832 his
447 1769 585 1831 testibus
607 1768 687 1831 fides
709 1768 855 1831 habenda
877 1778 936 1848 est,
962 1770 1061 1832 multo
1084 1770 1212 1850 saepius

7 1893 8 1928 ;
41 1855 148 1934 perinde
169 1854 327 1918 aduerbio
356 1875 450 1918 usum
480 1874 549 1918 6666
580 1874 675 1936 quam
704 1855 842 1936 proinde.
897 1857 1062 1918 Nescimus
1092 1865 1209 1933 autem,

7 1957 9 2004 t
43 1958 93 2019 qua
110 1940 257 2004 libertate
282 1943 501 2022 compilatores
516 1942 683 2003 iustiniani
706 1943 856 2004 orationis
879 1941 1093 2022 antiquiorum
1117 1940 1214 2003 iuris-

43 2027 236 2090 consultorum
261 2026 393 2090 iormam
421 2029 633 2090 mutauerint:
665 2047 695 2089 e.
717 2047 748 2108 g.
781 2028 918 2090 testibus
947 2029 1085 2108 Digestis
1108 2028 1158 2105 ib,
1181 2029 1209 2106 4,

44 2113 135 2191 titi
157 2113 256 2177 Gaius
280 2114 379 2176 semel
401 2115 528 2193 scripsit
546 2113 677 2195 proinde
699 2133 735 2176 66
757 2117 793 2176 si
809 2113 1036 2195 paterfamilias
1048 2115 1101 2194 ¹¹),
1134 2113 1212 2176 alibi

43 2208 199 2262 constanter
217 2200 353 2281 proinde
375 2220 412 2262 ae
431 2198 510 2280 (sine
525 2202 561 2280 st)
583 2202 617 2261 in
632 2198 790 2262 eiusmodi
806 2199 1033 2278 locutionibus;
1062 2203 1123 2262 iam
1139 2204 1211 2262 oum

45 2275 152 2366 44448
180 2285 266 2368 (pag.
291 2287 381 2365 36,9
412 2287 506 2348 huius
539 2285 695 2367 editionis)
730 2285 831 2348 codex
856 2287 879 2347 G
906 2286 1057 2367 praebeat
1081 2287 1212 2368 proinde

44 2389 73 2431 oo
90 2372 120 2433 si
135 2373 234 2453 filice,
271 2373 355 2434 huno
385 2373 603 2435 soloecismum
633 2373 694 2452 ipsi
717 2373 792 2434 Gaio
816 2371 958 2434 tribuere
981 2376 1082 2453 prima
1105 2373 1211 2454 specie

45 2457 88 2516 uix
106 2459 274 2540 quisquam
298 2457 513 2532 dubitauerit;
547 2466 683 2520 attamen
712 2477 784 2520 cum
807 2458 841 2519 in
864 2457 974 2520 eodem
998 2459 1161 2520 enuntiato
1190 2459 1211 2537 (l

45 2538 130 2626 tiis)
159 2545 257 2608 Gaius
287 2553 367 2608 teste
399 2545 509 2608 eodem
540 2544 647 2606 codice
672 2545 880 2625 Gscripserit
906 2544 1036 2624 proinde
1059 2563 1095 2605 ne
1116 2546 1208 2624 nepti,

45 2645 94 2690 non
109 2631 235 2711 proinde
260 2649 298 2692 66
319 2633 349 2692 si
368 2633 461 2712 nepti,
487 2632 681 2712 elegantiore
704 2629 802 2692 iorma
824 2631 919 2691 etiam
942 2631 976 2690 in
998 2631 1102 2710 priore
1118 2631 1212 2692 huius

47 2717 175 2780 enuntiati
197 2725 294 2799 parte
315 2735 410 2780 usum
432 2736 502 2780 esse
525 2717 637 2778 Gaium
660 2736 784 2778 mecum
807 2716 996 2778 consenties.
1036 2717 1091 2778 llis
1114 2725 1146 2778 et
1168 2717 1213 2777 si·

46 2799 153 2866 milibus
173 2803 335 2884 exemplis
357 2805 478 2866 cautior
500 2803 601 2866 lactus
623 2804 657 2864 in
680 2811 862 2865 contextum
881 2821 943 2864 non
959 2805 1065 2882 recepi
1081 2803 1143 2864 nisi
1159 2821 1212 2866 aas

47 2888 277 2968 emendationeS,
305 2907 386 2969 quae
409 2888 475 2952 fere
504 2898 607 2952 certae
630 2888 827 2968 uiderentur,
860 2908 896 2950 ao
925 2908 965 2950 ne
994 2891 1028 2950 in
1058 2897 1212 2969 apparatu

47 2972 131 3037 critico
152 2975 286 3057 quidem
308 2975 465 3056 adscripsi
488 2976 551 3038 nisi
567 2976 699 3038 selectas
714 2977 857 3038 uirorum
872 2975 1034 3038 doctorum
1051 2976 1213 3037 coniectu-

46 3075 93 3133 ras,
114 3081 189 3142 quae
211 3063 323 3142 aliqua
345 3061 568 3142 probabilitate
591 3061 900 3124 commendarentur.
946 3061 1094 3124 Ceterum
1117 3061 1211 3124 etiam

47 3160 133 3208 earum
147 3147 408 3210 emendationum
422 3149 477 3210 uel
492 3148 733 3226 correctionum,
760 3167 839 3228 quas
862 3147 947 3209 facili
962 3149 1088 3228 negotio
1104 3149 1212 3227 quiuis

46 3232 121 3307 paulo
140 3233 263 3297 doctior
285 3234 389 3313 iaciat,
415 3235 553 3315 primum
576 3243 736 3296 auctorem
752 3233 817 3295 lere
832 3234 955 3314 ubique
971 3232 1135 3314 adieci¹²);
1162 3244 1212 3295 at-

99 3371 134 3434 to)
154 3373 268 3423 initium
290 3371 371 3422 huius
392 3374 561 3436 quaestionis
584 3373 739 3436 nuperrime
756 3369 864 3436 publici
888 3371 955 3420 iuris
978 3369 1042 3420 iecit
1060 3371 1211 3422 Guilelmus

47 3433 137 3568 )lalb)n
153 3441 305 3492 Woelfflint
322 3439 416 3492 Archiv
433 3442 480 3504 fiir
498 3442 644 3492 46464646646
657 3441 863 3504 Lenikopropirie
880 3441 935 3489 and
949 3439 1112 3494 Grammottt
1128 3440 1210 3491 uol.l

54 3507 105 3554 4444
128 3522 159 3572 66
179 3513 315 3562 ,82—92.

101 3577 136 3641 il)
152 3524 189 3629 de
207 3580 352 3630 Iustiniani
371 3575 574 3630 Institutionum
592 3591 645 3629 usu
663 3577 792 3640 loquendi
810 3575 882 3628 coni.
897 3575 1042 3627 Eduardus
1056 3578 1147 3642 Grupe
1164 3577 1211 3628 oda

47 3640 165 3698 iustiniani
186 3649 394 3700 institutionum
417 3649 627 3713 compositione«
644 3647 814 3711 Argentorati
833 3647 898 3696 4884
924 3646 962 3708 (in
985 3647 1210 3697 Dissertationum

48 3708 249 3779 Philologicarum
268 3718 537 3780 argentoratensium
554 3717 695 3767 uolumine
714 3716 758 3778 IX)
778 3714 814 3779 §t
837 3728 878 3764 nr.
895 3719 920 3764 4.

100 3785 135 3849 ti)
152 3785 181 3836 ln
199 3789 334 3852 apparatu
351 3787 446 3836 critico
464 3786 558 3837 uerbis
577 3786 685 3836 Gaianis
703 3785 730 3834 in
749 3785 801 3835 bac
824 3783 943 3834 editione
961 3783 1116 3848 subscripto
1135 3785 1209 3834 citati

49 3852 96 3926 6664
110 3857 216 3906 omnino
235 3857 265 3906 hi
283 3856 336 3906 uiri
355 3855 439 3906 docti:
464 3857 580 3906 loannes
598 3853 752 3905 Fridericus
771 3852 927 3904 Lndouious
946 3853 1123 3904 Goescben
1143 3854 1210 3903 locis

48 3923 283 3988 innumerabilibus,
306 3923 443 3990 Philippus
461 3923 606 3975 Eduardus
624 3922 786 3974 Huschke
804 3921 872 3972 locis
885 3926 947 3983 ⁴⁷⁴3
969 3922 1082 3973 Carolus
1100 3922 1209 3972 Lach-

49 3996 128 4041 mann
145 3992 211 4044 locis
230 3998 276 4056 79;
298 3993 327 4044 B.
349 3995 368 4042 1.
390 3993 559 4044 Pelenaar
577 3992 644 4042 locis
664 3993 709 4056 ta;
730 3993 878 4042 Mauricius
895 3991 1030 4056 Augustus
1049 3991 1088 4041 de
1107 3990 1209 4040 Beth-

49 4061 309 4127 mann·iiollweg
332 4063 400 4112 locis
425 4065 468 4122 ³³3
501 4061 646 4113 Eduardus
670 4062 845 4124 Boecking
877 4060 944 4112 locis
972 4063 1017 4121 333
1059 4059 1209 4110 Fridericus

48 4118 137 4179 Carolus
160 4129 198 4182 de
223 4134 377 4196 savigny
401 4132 469 4182 locis
493 4135 538 4193 46;
570 4130 723 4182 fridericus
747 4129 880 4180 bluhme
904 4129 971 4180 locis
996 4133 1040 4188 253
1072 4129 1209 4190 Augustus

50 4189 176 4251 Guilelmus
193 4200 331 4254 ilaiiter
349 4199 416 4252 locis
431 4204 476 4262 te;
498 4202 516 4250 1.
533 4201 563 4254 Ε,
579 4199 772 4261 Goudsmit,
794 4199 926 4262 Georgius
943 4197 1078 4247 Arnoldus
1098 4195 1207 4256 446466,
