2966 4758
258 287 293 336 ιν
310 285 472 352 §trs-ut
642 323 727 333 -.
774 287 833 351 134
877 323 962 334 -..

258 489 424 562 conpetunt
446 487 501 542 aut
523 499 542 542 a
564 485 711 557 praetore
735 475 868 557 dantur,
892 479 988 540 etiam
1010 477 1044 539 444
1067 478 1218 541 heredem
1242 497 1342 560 oeque

258 574 432 648 conpetunt
453 573 508 629 aut
529 563 598 626 dari
621 563 735 626 solent.
766 572 815 626 est
834 565 919 624 enim
936 565 1109 627 certissima
1124 566 1203 628 iuris
1219 567 1338 646 regule,

258 673 298 716 ex
328 652 493 715 maleficiis
517 649 669 731 poenales
696 651 836 713 actiones
865 650 902 710 444
921 649 1071 712 heredem
1093 669 1153 713 nec
1174 661 1342 732 conpetere

258 759 318 801 nec
340 739 408 802 dari
431 739 541 818 solere,
567 736 669 798 ueluti
691 735 785 814 lorti,
812 735 846 799 ui
868 735 1024 798 bonorum
1046 745 1221 818 raptorum,
1256 739 1343 800 iniu-

256 825 386 904 riarum,
413 823 518 886 damni
541 820 689 884 iniuriae.
727 822 784 885 sed
805 821 975 884 heredites
990 823 1087 886 huius
1104 824 1188 887 modi
1203 827 1343 888 actiones
1360 839 1376 886 4

258 920 431 993 conpetunt
457 929 517 972 nec
545 907 762 989 denegantur,
795 916 927 989 excepta
956 909 1144 972 iniuriarum
1165 911 1289 972 actione
1311 919 1343 972 et

173 1003 232 1066 443
257 998 285 1062 44
301 1017 366 1080 qua
381 998 442 1062 alia
458 996 569 1059 similis
584 996 768 1057 inueniatur
782 996 873 1057 actio.
906 992 1084 1074 Aliquando
1098 1004 1203 1058 tamen
1220 993 1341 1080 (ctiam)

257 1104 297 1147 ex
320 1092 482 1146 contractu
500 1084 702 1162 actioneque
718 1080 830 1142 heredi
845 1099 950 1161 neque
965 1080 1000 1142 in
1014 1081 1166 1150 heredem
1182 1083 1338 1163 conpetit;

256 1191 329 1233 nam
352 1169 590 1250 adstipulatoris
612 1168 708 1229 heres
730 1185 793 1228 non
815 1166 907 1229 habet
930 1166 1100 1248 actionem,
1132 1175 1161 1230 et
1183 1169 1342 1249 sponsoris

256 1267 288 1319 et
310 1253 574 1337 fidepromissoris
596 1255 688 1315 heres
709 1273 772 1316 non
795 1262 933 1316 tenetur.
1361 1269 1390 1314 44

172 1351 231 1412 444
342 1343 496 1424 Superest
517 1349 554 1403 nt
575 1338 789 1420 dispiciamus,
816 1338 843 1402 si
866 1348 938 1402 ante
957 1358 1024 1401 rem
1040 1338 1210 1403 iudicatam
1227 1341 1343 1402 iseum

256 1449 319 1510 quo
341 1431 457 1510 agitur,
484 1435 556 1508 post
578 1434 742 1507 acceptum
764 1425 919 1488 iudicium
942 1425 1114 1488 satisfaciat
1128 1428 1235 1503 444444,
1263 1426 1343 1507 quid
1464 1389 1470 1474 l

254 1516 356 1578 officio
377 1513 492 1577 iudicis
515 1513 700 1592 conueniat,
734 1520 843 1575 utrum
865 1511 1045 1592 absoluere,
1080 1531 1120 1573 an
1142 1511 1213 1574 ideo
1236 1513 1343 1592 potins

254 1601 415 1682 damnare,
443 1600 518 1680 quia
540 1598 651 1661 iudicii
667 1596 846 1679 accipiendi
861 1606 1004 1678 tempore
1020 1599 1053 1660 in
1068 1617 1105 1660 ea
1121 1616 1216 1660 causa
1231 1597 1339 1677 inerit,
1468 1673 1470 1682 y

252 1697 290 1751 ut
303 1688 448 1751 damnari
463 1683 585 1748 debeat
606 1686 707 1747 nostri
721 1693 945 1766 praeceptores
960 1683 1127 1746 absoluere
1141 1703 1213 1746 eum
1226 1683 1342 1746 debere
1361 1699 1392 1746 44
1468 1693 1470 1760 ζ

253 1775 448 1852 existimant,
470 1791 531 1834 nec
545 1773 697 1834 interesse
712 1773 803 1834 cuius
818 1772 945 1851 generis
960 1771 1002 1832 sit
1018 1769 1185 1848 iudicium;
1206 1779 1238 1832 et
1253 1767 1267 1853 11
1281 1772 1437 1849 4444444444
1469 1761 1470 1808 l

253 1869 303 1923 est
317 1859 402 1940 qued
416 1859 511 1939 uolgo
525 1856 643 1920 dicitur
658 1857 774 1920 Sabino
790 1865 822 1918 44
838 1857 944 1919 Cassio
958 1857 1086 1938 placere
1098 1853 1210 1940 omnila
1222 1856 1343 1920 iudicia
1467 1845 1470 1938 l

253 1945 446 2010 absolutoria
458 1963 539 2006 esse.
556 1940 1083 2026 ——————-—-*-—-l-
1093 1942 1135 2005 de
1147 1941 1251 2004 bonae
1264 1942 1343 2005 fidei

252 2031 380 2094 iudiciis
395 2040 501 2093 autem
516 2027 604 2090 idem
618 2029 769 2108 sentiunt,
790 2031 864 2108 quia
882 2029 917 2090 in
933 2026 1096 2111 eiusmoldi
1112 2027 1239 2091 iudiciis
1255 2028 1341 2090 lihe-

252 2137 325 2180 rum
340 2126 388 2179 est
402 2116 541 2178 officium
556 2112 682 2177 iudicis.
722 2114 920 2176 tantumdem
945 2111 949 2198 Ι
972 2122 1005 2177 44
1017 2113 1059 2176 de
1073 2115 1107 2176 444
1121 2134 1189 2176 rem
1204 2114 1340 2177 actioni·
1357 2131 1387 2176 44

251 2204 313 2266 444
328 2210 451 2284 putant,
471 2200 548 2282 quia
559 2199 714 2282 formulae
727 2197 840 2284 cerlbis
856 2200 890 2263 id
905 2201 1009 2282 ipsam
1025 2202 1222 2282 exprimatur
1234 2237 1340 2248 ———

1468 857 1470 922 l

700 2369 825 2457 {quihus

249 2457 911 2542 ---—---—-—-l-—-—-
948 2467 1075 2522 etentur
1091 2469 1122 2522 et
1141 2458 1339 2522 etl——

249 2541 776 2630 —---——---—l-—--
791 2543 949 2608 interdum
965 2545 1049 2607 enim
1154 2603 1156 2610 ,

250 2629 592 2717 --·---·-l

250 2717 549 2804 --·--l

249 2804 559 2891 *ᾑμ-
1160 2839 1336 2846 *—
1468 2809 1469 2872 4

248 3084 259 3132 I
295 3013 400 3133 ι444444ς
412 3026 499 3130 upque
517 3013 553 3064 ad
572 3016 587 3062 8
606 3014 717 3074 conpetit
733 3011 790 3063 4444
802 3033 834 3055 =
848 3012 913 3062 lost.
928 3012 952 3074 t,
969 3013 1010 3072 44,
1025 3013 1035 3059 4
1058 3009 1070 3073 ΙΙ
1088 3008 1101 3075 5
1116 3012 1163 3059 444
1183 3011 1241 3060 init.
1261 3008 1334 3061 44444.

172 3143 178 3154 ,
261 3096 313 3134 44.
346 3120 353 3143 ,
404 3122 410 3146 ,
445 3119 451 3132 .

1285 3195 1337 3212 NV·

319 3275 328 3320 t
352 3271 434 3322 etiam
456 3270 484 3332 C,
504 3271 532 3321 et
550 3271 612 3321 44444.
632 3270 643 3333 ll
662 3282 748 3334 aeque
767 3269 842 3330 44444,
863 3270 969 3333 eaque?
991 3267 1053 3331 0411
1072 3269 1138 3318 a-t
1163 3279 1215 3318 nec
1233 3280 1337 3332 conpe-

248 3341 306 3390 tere
326 3353 377 3390 nec
395 3340 456 3390 dari
473 3339 576 3402 sollere)
600 3338 644 3399 0¹²,
671 3352 725 3390 non
749 3341 903 3402 competere
926 3338 988 3388 lost.
1013 3336 1025 3400 ss
1048 3340 1062 3386 4
1087 3335 1236 3387 heredibus
1259 3336 1334 3400 lost,

248 3408 403 3474 4444444444
420 3408 549 3472 4444444444
567 3407 699 3460 uidelicet
715 3409 836 3458 actoris?
851 3406 886 3457 0¹¹
900 3410 945 3470 (ec
955 3405 1118 3470 ptossemote)
1138 3405 1149 3468 ΙΙ
1170 3409 1184 3456 4
1202 3404 1275 3456 actio
1291 3403 1335 3466 Gn,

249 3490 299 3528 4444.
319 3479 382 3528 loct.
402 3478 413 3542 11
434 3479 517 3530 etiam
536 3478 608 3538 lost,
634 3491 684 3528 om.
708 3477 735 3541 G,
762 3475 828 3539 conf.
850 3476 882 3528 0²
896 3488 960 3540 pap.
974 3476 1026 3530 tet
1043 3487 1114 3524 cers.
1130 3479 1161 3526 44
1183 3473 1194 3538 ΙΙ
1214 3477 1229 3524 t
1248 3475 1336 3525 actio-

247 3559 312 3596 nem
329 3550 357 3596 et
376 3547 514 3609 decoctae,
541 3548 677 3610 actionem
696 3548 757 3598 set‘l
777 3545 812 3596 (5¹¹
833 3550 896 3596 teste
916 3544 1061 3595 4444444444
1078 3541 1089 3606 ΙΙ
1108 3547 1135 3592 44
1158 3542 1336 3608 dispiciamus

250 3614 390 3675 6444444444,
410 3616 593 3681 despiciamus
609 3616 628 3667 G
645 3616 656 3680 ΙΙ
673 3617 755 3666 uerte
773 3617 835 3666 ante
853 3627 911 3664 rem
930 3612 1077 3664 iudicatam
1090 3617 1120 3663 ot
1131 3612 1259 3677 plooscmo
1271 3613 1336 3663 delet

248 3684 419 3746 444444444411
438 3687 469 3734 44
488 3687 620 3736 interesse
640 3686 779 3744 Goeseheo,
799 3681 969 3742 intercede,
989 3681 1056 3745 coos.
1071 3681 1104 3732 0⁸
1117 3694 1182 3745 pop.
1194 3681 1245 3734 271
1263 3694 1335 3732 ocra.

247 3758 281 3804 44
300 3757 325 3804 44
338 3765 402 3817 poa.
416 3759 468 3807 266
485 3767 556 3807 cers.
570 3757 604 3808 29
621 3755 632 3818 ΙΙ
650 3755 685 3805 444
696 3753 824 3814 Huschke,
843 3751 873 3802 iit
888 3750 908 3802 C
923 3747 934 3816 ΙΙ
952 3754 983 3801 48
1002 3753 1030 3802 ic
1048 3752 1144 3801 4444444
1160 3750 1335 3800 theodicius

250 3821 346 3873 Gaium
363 3827 487 3885 apparet:
504 3825 625 3874 diuersae
641 3825 742 3874 acheloo
754 3822 903 3873 auctoribus
914 3822 946 3871 de
956 3821 1040 3872 stricti
1050 3822 1117 3871 toric
1127 3820 1231 3870 iudiciis
1242 3823 1334 3870 contro

244 3909 375 3971 placuisse
395 3907 406 3971 ΙΙ
431 3909 531 3957 44-44
555 3906 644 3958 honae
668 3908 733 3958 fidei
757 3907 867 3958 iudiciis
893 3906 1037 3966 (locantes,
1063 3903 1261 3956 honcfldeieiud
1288 3904 1332 3966 0¹¹,

247 3978 316 4040 coos.
338 3978 370 4029 0²
384 3990 448 4042 pop.
462 3979 513 4031 stt
530 3990 601 4027 uero.
617 3982 683 4026 4-4
700 3977 711 4040 ΙΙ
730 3981 757 4025 st
773 3990 841 4039 seqq.
856 3979 915 4038 poet
932 3975 1100 4040 exprimatur
1117 3975 1184 4024 hooc
1200 3973 1255 4036 sere
1272 3987 1333 4024 4444-

247 4050 353 4098 tentiam
371 4059 524 4110 eepreecom
538 4045 621 4109 foisse
636 4048 764 4097 conicias:
782 4049 821 4097 444
832 4047 934 4097 demum
944 4055 1021 4096 reum
1032 4044 1255 4096 contemnendum
1266 4057 1330 4108 esse,

246 4117 298 4165 44444·
315 4117 445 4168 arbitrato
462 4116 554 4167 4444444
570 4127 627 4166 rem
643 4117 796 4167 restituerit.
