2966 4758
268 305 479 372 mous-ru
653 337 737 350 ...-
785 303 845 366 136
889 339 974 350 .-
1035 365 1037 372 ,

271 495 403 556 alicuius
426 495 558 574 negotii,
590 493 690 556 ueluti
714 495 942 573 mancipiorum
965 493 1170 555 emendorum
1193 503 1248 556 aut
1274 513 1356 556 uen-

186 581 247 642 449
272 579 459 642 dendorum.
507 582 616 660 Magna
638 589 743 641 autem
767 580 908 658 quaestio
931 579 1000 656 tuit,
1027 598 1067 640 an
1091 580 1132 640 ita
1156 579 1232 642 coiri
1255 583 1356 658 possit

272 666 415 745 societas,
442 675 477 728 ut
499 668 571 746 quis
594 667 743 728 maiorem
759 675 880 746 partem
900 667 1051 746 lucretur,
1078 667 1230 727 minorem
1247 666 1355 728 damni

271 760 423 832 praestet.
468 751 553 832 quod
576 753 758 825 Q.·Mucius
782 747 904 834 <contro
933 759 1079 814 caturam
1108 753 1260 814 societatis
1291 771 1356 815 esse
1423 824 1424 827 1

271 839 473 902 eoclcllmoull.
504 838 558 908 sed
574 840 643 900 Ser.
662 839 827 918 Sulpicius,
854 834 957 921 culus>
975 839 1070 900 etiam
1086 839 1266 919 praeualuit
1281 852 1385 900 sen-5

270 925 380 1002 tentia,
407 923 486 986 adeo
502 925 544 986 ita
560 925 635 984 coiri
651 943 743 1003 posse
760 925 939 986 societatem
954 925 1159 1003 existimauit,
1187 934 1221 986 ut
1235 923 1357 986 dixerit

271 1009 324 1072 illo
346 1029 472 1091 quoque
496 1010 582 1072 modo
606 1011 684 1071 coiri
706 1029 813 1092 posse,
841 1018 877 1072 ut
900 1012 972 1090 quis
994 1010 1074 1070 nihil
1096 1011 1223 1072 omnino
1247 1010 1356 1072 damni

271 1105 422 1176 praestet,
448 1097 505 1158 sed
526 1097 606 1158 lucri
628 1104 750 1176 partem
773 1096 890 1176 capiat,
918 1096 945 1157 si
968 1095 1058 1157 modo
1081 1115 1177 1176 opera
1199 1097 1269 1158 eius
1292 1105 1357 1158 tam

270 1184 407 1262 pretiosa
429 1182 587 1262 uideatur,
613 1191 648 1244 ut
671 1201 807 1264 aequum
831 1183 870 1244 sit
893 1201 965 1244 eum
988 1202 1061 1246 cum
1084 1182 1143 1243 hac
1161 1183 1307 1262 pactione
1324 1183 1355 1244 in

271 1271 453 1331 societatem
475 1268 610 1330 admitti.
642 1287 716 1330 nam
739 1278 770 1330 et
793 1268 837 1329 ita
859 1287 951 1348 posse
975 1269 1054 1330 ccirl
1074 1269 1256 1330 societatem
1279 1288 1356 1330 con·
1374 1281 1399 1326 ιι

271 1364 349 1433 stat,
381 1364 417 1416 ut
439 1374 523 1416 unus
546 1355 711 1434 pecuniam
734 1353 887 1432 conterat,
920 1354 1001 1416 alter
1025 1373 1089 1415 non
1111 1354 1265 1434 conferat,
1291 1351 1304 1437 11
1328 1363 1432 1428 etpga

270 1442 522 1503 tomenlucrnm
545 1443 704 1502 intereos
734 1459 898 1502 commune
928 1441 983 1516 sit;
1018 1460 1114 1520 soepe
1145 1442 1230 1502 enim
1260 1460 1357 1521 opera

190 1528 248 1588 tec
273 1527 406 1589 alicuius
429 1547 486 1607 pro
509 1527 641 1607 pecunia
664 1527 761 1587 ualet.
803 1527 842 1588 Et
864 1525 941 1588 illud
956 1535 1077 1588 certum
1094 1535 1152 1606 est,
1179 1525 1263 1592 side
1279 1546 1357 1607 par·
1449 1585 1451 1604 p

272 1613 357 1676 tibus
383 1613 464 1675 lucri
495 1621 525 1674 et
555 1611 663 1675 damni
691 1613 772 1674 nihil
802 1613 885 1674 inter
914 1632 968 1674 eos
991 1612 1193 1691 conuenerit,
1224 1612 1352 1694 [tamen]
1449 1619 1451 1662 4

272 1701 383 1780 aequis
406 1719 447 1760 ex
473 1699 619 1780 partibus
647 1699 845 1761 commodum
874 1707 902 1760 et
930 1697 1160 1760 incommodum
1190 1700 1275 1760 inter
1305 1717 1358 1760 eos
1375 1711 1401 1756 u
1450 1690 1452 1728 ²

273 1805 438 1848 commune
462 1804 543 1847 esse.
584 1784 641 1846 sed
672 1787 698 1847 si
722 1785 755 1845 in
777 1785 873 1846 altero
897 1793 1003 1865 partes
1026 1803 1199 1864 expressae
1223 1784 1354 1862 fuerint,
1452 1786 1453 1828 ³

217 1928 220 1938 .
273 1874 362 1934 uelut
384 1872 418 1933 in
441 1873 540 1951 lucro,
567 1872 600 1932 in
623 1871 723 1932 altero
745 1891 821 1932 uero
844 1872 989 1949 omissae,
1015 1872 1048 1930 in
1072 1891 1106 1932 eo
1129 1889 1255 1950 quoque
1271 1870 1358 1950 quod
1453 1880 1454 1922 ἓ

190 1958 244 2017 454
274 1959 424 2019 omissum
447 1966 505 2035 est,
530 1959 649 2018 similes
664 1965 771 2037 partes
787 1967 891 2020 erunt.
931 1960 1034 2018 Manet
1049 1966 1153 2018 autem
1172 1958 1306 2019 societas
1321 1976 1358 2018 eo
1453 1959 1454 1976 ²

272 2063 386 2124 usque,
413 2042 513 2104 donec
536 2044 568 2104 in
591 2042 702 2105 eodem
725 2063 878 2106 cousensu
900 2051 1121 2124 perseuerant.
1153 2051 1185 2104 at
1208 2063 1279 2105 cum
1298 2044 1358 2104 ali-

274 2131 346 2209 quis
368 2129 601 2190 renuntiauerit
623 2129 774 2212 societati,
801 2130 931 2192 societas
954 2130 1100 2191 soluitur.
1130 2128 1187 2190 sed
1209 2130 1306 2209 plane
1329 2131 1357 2190 si
1374 2141 1402 2187 m

275 2216 346 2296 quis
369 2217 402 2276 in
425 2216 484 2276 hoc
507 2216 740 2277 renuntiauerit
769 2217 926 2294 societati,
959 2225 994 2277 ut
1022 2215 1197 2277 obueniens
1228 2213 1358 2295 aliquod

272 2303 396 2364 lucrum
413 2302 499 2364 solus
513 2301 639 2380 habeat,
665 2302 767 2362 ueluti
783 2303 810 2364 si
826 2303 902 2362 mihi
918 2311 1055 2371 totorum
1069 2301 1224 2363 honorum
1240 2303 1353 2380 sociuS,

271 2408 344 2450 cum
367 2386 407 2450 ab
430 2389 535 2468 aliquo
558 2388 651 2450 heres
682 2396 766 2450 esset
794 2388 940 2466 relictus,
971 2389 1004 2448 in
1033 2389 1092 2449 hoc
1124 2389 1357 2450 renuntiauerit

271 2473 430 2554 societati,
462 2484 499 2536 ut
526 2474 735 2536 hereditatem
771 2475 855 2535 solus
885 2474 966 2536 lucri
996 2473 1106 2552 faciat,
1141 2482 1274 2553 cogetur
1299 2475 1357 2534 hoc

272 2561 398 2624 lucrum
420 2563 661 2623 communicare.
696 2561 724 2622 si
747 2559 826 2640 quid
848 2579 925 2622 uero
948 2560 1034 2622 aliud
1049 2560 1129 2621 lucri
1145 2559 1256 2620 iecerit
1272 2558 1356 2640 quod
1374 2571 1403 2616 m

273 2716 283 2729 x
286 2714 452 2729 ΙΝΛΛΛΛΛΑΛΛΛ.
455 2709 1357 2728 ΧΜΜΝΝΧΛΑΑΝΜΧΛΜΛΛΜΙΨΝΛΛΛΛΛΛΛΛΛΙᾺΝΛΝᾺΜΝΝΝΛΜΝΧΛΝΧΜΡ

342 2801 416 2866 §itt
435 2800 505 2850 conl.
526 2801 659 2865 (exparte
678 2801 733 2850 tere
753 2800 793 2862 ε)
814 2801 878 2849 Inst.
900 2803 924 2862 3,
942 2803 983 2863 25,
1000 2803 1014 2848 2
1033 2798 1044 2861 11
1063 2797 1138 2863 §itt
1158 2797 1229 2849 coni.
1251 2800 1315 2848 inst.
1331 2803 1354 2859 ι,

272 2875 314 2933 aa,
332 2871 412 2946 tete
431 2869 443 2933 1
462 2868 534 2934 §tm
558 2889 590 2912 .·=
609 2871 673 2918 inst.
689 2873 714 2931 a,
731 2872 773 2931 as,
789 2871 814 2920 ι.

493 3003 901 3019 mmmmm

343 3095 352 3140 4
382 3091 471 3154 negoti
499 3090 525 3149 C,
550 3090 739 3153 negotiationis
764 3090 827 3140 luel.
853 3091 863 3153 11
887 3091 1085 3155 mancipiorum
1110 3091 1181 3148 lust,
1207 3091 1357 3153 mancipior

275 3160 319 3219 (3¹¹,
340 3159 406 3222 cous.
425 3159 457 3210 0⁸
472 3172 534 3221 puy.
547 3162 597 3212 299
615 3158 626 3222 11
644 3161 691 3208 aut
707 3157 916 3209 condendorum
931 3158 974 3221 Cn,
994 3159 1259 3223 uendendorumqne
1274 3160 1335 3209 lust.
1349 3153 1357 3224 11

276 3232 342 3278 ι-ιι
361 3225 387 3295 11
405 3229 460 3291 fere
477 3230 511 3277 ul
529 3227 593 3277 lust.
615 3229 689 3288 (duce
703 3226 857 3288 Gcesclteuo)
877 3229 994 3278 additum
1000 3244 1008 3288 ;
1025 3241 1075 3290 pro
1093 3229 1259 3278 existimauit
1275 3229 1357 3289 poscis

275 3301 353 3348 ellum
370 3300 401 3348 lc
419 3297 487 3347 dixit
504 3298 546 3346 uel
564 3297 642 3346 stmllt
654 3298 740 3357 aliquo
751 3297 830 3346 uerbo
848 3299 962 3360 copitare
979 3297 990 3360 11
1008 3301 1022 3345 t
1042 3298 1121 3346 etiam
1136 3298 1290 3358 (Memorem
1301 3309 1356 3345 ma-

273 3368 331 3417 uult
342 3367 406 3426 iam)
419 3366 571 3431 praeualuit
581 3367 713 3416 sententia
726 3363 768 3427 ΟΠ,
785 3367 916 3416 sententia
929 3366 1081 3430 praeualuit
1091 3366 1154 3416 lust.
1169 3363 1176 3430 11
1190 3370 1204 3414 t
1217 3365 1357 3415 extimauit

277 3434 297 3484 G
312 3434 324 3498 11
343 3439 356 3484 7
370 3437 451 3487 modo
467 3435 606 3494 coarctet,
626 3436 655 3484 ιῖι
669 3433 696 3494 C,
716 3433 782 3496 cous.
801 3433 832 3484 0³
846 3448 909 3498 pop.
924 3435 976 3488 277
993 3433 1005 3497 11
1023 3438 1054 3484 444
1074 3448 1138 3484 nam
1152 3435 1223 3495 lect,
1244 3447 1298 3484 non
1313 3433 1354 3492 ΟΠ,

272 3504 340 3566 cous.
363 3503 394 3554 0⁵
409 3509 537 3569 popm
554 3505 565 3568 11
585 3517 664 3568 posse
683 3504 757 3553 coire
776 3501 820 3564 ΟΠ,
840 3505 908 3554 coiri
925 3516 1005 3568 posse
1023 3504 1066 3553 uel
1083 3504 1157 3554 coire
1174 3515 1254 3568 posse
1269 3503 1329 3552 lust.
1348 3497 1357 3568 11

276 3576 302 3620 ιι
325 3585 397 3624 unus
417 3573 443 3636 C,
464 3574 532 3624 alter
545 3575 607 3624 lust.
628 3574 640 3637 11
659 3576 690 3622 m
711 3585 845 3622 conmune
863 3586 898 3622 eu
909 3573 1056 3623 conmunie
1068 3574 1110 3622 uel
1119 3575 1206 3635 potius
1219 3586 1254 3622 ecc
1266 3571 1356 3621 munic

273 3646 419 3692 correctum
439 3642 468 3692 0¹
484 3642 495 3706 11
515 3656 578 3707 sepe
596 3645 669 3694 enim
690 3640 734 3704 Cn,
755 3642 817 3705 quia
837 3654 917 3705 saepe
932 3641 995 3691 lust.
1014 3641 1025 3704 11
1046 3643 1075 3689 tt
1096 3644 1187 3691 tamen
1202 3639 1244 3700 0¹¹,
1266 3642 1357 3690 deleuit

274 3712 416 3761 Mommsen
436 3711 448 3774 11
469 3715 500 3760 ιι
524 3713 551 3762 et
575 3712 710 3774 Boeotico,
740 3713 771 3760 ut
798 3709 847 3773 011
870 3715 900 3759 ιι
924 3710 1001 3760 uelut
1028 3707 1071 3772 01¹,
1098 3712 1133 3760 cd
1154 3709 1241 3760 ueluti
1266 3711 1357 3759 ducere

272 3781 396 3830 uidentur
415 3780 476 3828 lust.
500 3779 511 3842 11
534 3793 566 3829 eo
585 3781 661 3841 lust,
682 3779 779 3830 eodem
800 3778 834 3829 ΟΠ
855 3778 866 3842 11
888 3781 918 3826 48
938 3780 1069 3828 omissum
1090 3777 1117 3839 0,
1137 3779 1357 3843 praetermissum

275 3848 337 3898 lust.
361 3847 372 3911 11
394 3850 425 3896 ιι
445 3861 580 3898 consensu
600 3849 673 3908 lust,
699 3861 784 3899 sensu
804 3847 831 3908 0,
856 3847 922 3909 conf.
943 3846 974 3897 0³
988 3860 1050 3911 poe.
1071 3852 1122 3901 260
1139 3861 1208 3897 uere.
1226 3851 1244 3898 5
1265 3847 1276 3910 11
1296 3859 1357 3911 per-

274 3915 462 3979 secernatur,
488 3918 727 3979 perseuerauerint
747 3919 810 3967 luet.
833 3917 844 3980 11
867 3920 897 3965 ιι
917 3917 1032 3966 societas
1056 3916 1173 3967 soluitur
1192 3915 1218 3976 0,
1243 3917 1358 3966 soluitur

273 3988 390 4037 societas
408 3986 472 4036 lect.
494 3985 505 4049 11
523 3988 550 4033 u
574 3986 601 4035 in
623 3984 650 4045 0,
670 3985 771 4036 callide
786 3986 814 4034 in
834 3986 896 4035 lest.
917 3984 928 4048 11
950 3987 981 4033 21»
1001 3984 1082 4036 faciat
1102 3985 1128 4046 0,
1149 3983 1250 4035 iaceret
1269 3985 1329 4034 lust.
1348 3979 1357 4049 11

275 4058 387 4120 cogetur
414 4054 555 4112 Goesctm,
583 4060 659 4116 coget
685 4053 711 4116 0,
737 4055 841 4117 cogitur
867 4056 928 4104 lust.
955 4056 1063 4114 (codices
1083 4055 1212 4118 plurimi),
1239 4054 1307 4116 cous.
1328 4051 1358 4102 Οι

271 4129 401 4189 pauset
418 4124 430 4187 11
449 4128 481 4173 25
500 4123 594 4174 fecerit
614 4122 640 4184 0,
661 4122 743 4174 iaciat
759 4125 802 4173 uel
819 4121 921 4174 faceret
939 4123 1001 4175 lust.
