2908 4764
99 565 220 628 heredes
236 566 368 628 instinttr'
380 572 462 644 sunt,
485 561 490 648 4
510 563 564 626 dat
579 565 746 627 secundnm
762 565 883 628 tobnlos
899 565 1044 628 bonoram
1055 585 1178 647 posses-

43 652 76 711 34
98 653 218 714 simem.
267 653 337 714 item
366 650 403 712 ab
425 647 580 735 4444444444
603 650 737 713 heredes
760 671 833 714 suos
856 661 888 713 et
909 659 1038 732 agnatos
1060 651 1101 714 ad
1120 653 1279 728 ho-pgaat

98 757 207 800 norum
230 738 462 818 possessionem
477 745 578 799 uocat.
614 737 731 817 quibus
754 737 881 800 casibus
903 737 1090 800 beneficium
1110 739 1178 802 eius

9 865 10 904 ,
98 825 127 886 in
150 844 186 886 eo
210 824 276 886 solo
297 822 427 885 uidetur
449 824 587 903 aliquam
609 823 779 884 utilitatem
803 824 930 904 hahere,
958 833 993 886 ut
1015 826 1042 886 is
1063 825 1119 904 qui
1134 823 1178 886 ita

9 981 10 994 4
96 910 250 972 honorum
279 909 510 990 possessionem
538 909 633 989 petit,
666 908 835 972 interdicto
868 911 959 972 ouius
984 911 1211 990 principiuma

97 1007 141 1059 est
164 1015 285 1068 Qvonvu
308 1013 448 1058 nouonru
470 996 519 1057 uti
533 996 642 1076 possit.
672 997 763 1057 ouius
779 995 940 1058 interdicti
956 1015 1040 1076 quoe
1057 997 1098 1058 sit
1112 997 1178 1058 uti-

98 1083 175 1162 litas,
203 1101 261 1144 suo
284 1083 350 1142 loeo
371 1099 594 1162 proponemus.
632 1081 772 1163 alioquin
795 1091 913 1143 remota
936 1101 1062 1163 quoque
1078 1082 1177 1144 hono-

96 1187 163 1230 mm
187 1168 384 1249 possessione
407 1166 448 1228 ad
471 1186 523 1229 eos
546 1165 704 1228 hereditas
726 1169 865 1248 pertinet
888 1170 958 1230 iure
981 1168 1080 1230 ciuili.

9 1185 11 1340 4
41 1253 75 1314 35
180 1253 328 1316 Ceterum
351 1272 446 1354 saepe
464 1251 656 1333 quibusdam
672 1255 715 1315 ita
730 1252 825 1316 datur
838 1254 991 1316 bonorum
1006 1255 1172 1334 possessio,

9 1347 10 1420 4
95 1349 128 1402 ut
150 1341 177 1402 is
201 1341 253 1402 eui
275 1339 348 1401 data
371 1340 422 1418 sit,
450 1335 542 1439 (non)
566 1358 617 1420 op
608 1339 706 1401 tinent
724 1339 882 1402 hereditat
869 1349 950 1416 tem;
979 1359 1061 1421 quae
1075 1339 1176 1401 hono-
1196 1355 1225 1400 44

41 1424 74 1484 36
94 1445 161 1488 rum
186 1427 342 1507 possessio
370 1385 487 1487 dio'itur
516 1425 585 1486 sine
614 1444 660 1486 re.
699 1426 777 1487 Nam
807 1427 834 1486 si
862 1426 953 1488 uerbi
983 1427 1083 1506 gratia
1106 1427 1175 1488 iure

9 1481 11 1604 4
94 1511 172 1575 iaoto
195 1519 384 1574 testamento
407 1511 501 1573 hores
523 1511 684 1573 institutus
707 1513 845 1574 orenerit
866 1511 1091 1591 hereditatem,
1119 1512 1176 1574 sed

9 1609 11 1682 4
94 1597 247 1660 bonorum
269 1597 499 1678 possessionem
522 1596 699 1658 seeundum
721 1597 845 1660 tabulas
868 1599 1048 1661 testamenti
1065 1605 1174 1678 petere

9 1683 10 1696 ³
94 1685 240 1762 noluerit,
266 1691 431 1746 contentus
454 1703 490 1744 eo
513 1682 597 1764 quod
620 1684 690 1744 iure
713 1684 803 1745 ciuili
816 1684 909 1745 heres
924 1685 975 1763 sit,
1002 1685 1100 1744 nihilo
1115 1683 1176 1744 mi-

94 1789 151 1832 nus
175 1771 200 1832 ii
223 1771 279 1850 qui
301 1770 389 1832 nullo
404 1769 485 1831 fanto
500 1776 688 1830 testamento
704 1768 744 1830 ad
759 1771 899 1831 intestati
914 1769 990 1831 bona
1005 1778 1171 1848 uoeantur,
1194 1784 1225 1830 ra

94 1865 225 1936 possunt
246 1864 355 1936 petere
378 1855 532 1917 honorum
555 1855 802 1935 possessionem;
829 1854 885 1917 sed
908 1856 977 1918 sine
1000 1875 1035 1918 re
1059 1855 1099 1917 ad
1122 1874 1175 1917 eos

98 1940 279 2022 [hereditas]
311 1942 467 2022 pertinet,
502 1960 574 2002 oum
597 1949 785 2003 testamento
808 1943 944 2022 scriptus
967 1942 1060 2003 heres
1083 1943 1176 2003 euin-

40 2024 74 2086 37
94 2047 161 2090 oere
184 2026 395 2090 hereditatem
418 2029 528 2108 possit.
569 2025 653 2088 Idem
675 2027 754 2088 iuris
777 2037 835 2108 est,
862 2028 889 2088 si
905 2029 1052 2090 intestato
1068 2028 1175 2108 aliquo

93 2123 214 2177 mortuo
244 2133 322 2176 suus
348 2115 443 2175 heres
465 2109 608 2196 4444444444
627 2122 737 2194 petere
759 2113 906 2175 bonoram
927 2113 1172 2194 possessionem,

94 2208 258 2262 contentus
280 2199 410 2282 1444444444
433 2201 501 2260 inre
515 2197 625 2280 -444
654 2208 766 2280 agnato
797 2201 935 2280 conpetit
964 2199 1095 2280 quidem
1117 2198 1175 2261 bo·
1193 2213 1224 2259 44

9 2287 11 2366 Q
94 2305 205 2349 norum
228 2286 398 2366 possessio,
425 2285 483 2347 sed
505 2285 573 2346 sine
595 2303 640 2366 re,
667 2285 742 2366 quia
765 2287 871 2347 euinoi
893 2285 1052 2348 hereditas
1076 2306 1097 2347 4
1118 2305 1175 2347 suo

94 2372 208 2435 herede
232 2381 346 2451 potest.
387 2380 418 2432 et
445 2371 548 2452 [illud]
573 2371 807 2450 conuenienter,
834 2373 862 2433 si
885 2371 925 2432 ad
940 2381 1089 2453 agnatum
1105 2371 1174 2432 iure

94 2458 180 2520 eiuili
202 2459 344 2539 pertinet
365 2456 526 2519 hereditas
549 2465 580 2518 et
603 2458 630 2519 is
652 2457 768 2518 adierit
789 2456 1008 2537 hereditatem,
1039 2457 1095 2518 sed
1116 2455 1175 2517 ho-

94 2562 206 2606 norum
227 2544 461 2624 possessionem
483 2550 593 2624 petere
615 2542 762 2622 noluerit,
788 2553 821 2604 et
842 2543 869 2604 si
897 2543 980 2623 [quis
1003 2561 1043 2604 ex
1065 2542 1174 2622 proxi-

94 2629 161 2712 mis]
190 2637 342 2710 eognatus
364 2628 504 2710 petierit,
530 2629 600 2691 sine
623 2649 657 2691 re
679 2629 810 2691 habebit
829 2627 983 2690 honorum
998 2628 1174 2708 possessio·
1192 2642 1224 2687 25

9 2793 10 2798 ἵ
40 2713 73 2774 38
94 2735 166 2778 nem
188 2725 321 2796 proptor
342 2715 475 2778 eandem
490 2715 653 2777 rationem.
695 2717 776 2778 Sunt
790 2723 822 2777 44
838 2715 892 2777 ahi
908 2712 1039 2796 quidam
1054 2713 1174 2775 similes

94 2821 195 2882 casus,
222 2819 358 2883 quorum
381 2799 533 2882 aliquast!
550 2802 713 2882 superiore
729 2803 953 2864 commentario
968 2799 1169 2862 tradidimus.
1182 2803 1276 2874 44444

9 75 11 108 t

9 115 11 210 4

476 411 561 423 ...-
608 377 668 439 109
711 411 797 423 -..
981 379 1017 429 111
1037 377 1177 444 §rab-m

9 915 11 980 4

9 999 11 1084 4

1122 3041 1172 3053 NW

161 3126 220 3191 §at
239 3140 326 3190 usque
345 3127 380 3177 ad
398 3130 412 3175 4
432 3132 508 3176 meat
527 3129 553 3176 et
571 3127 634 3178 inde
652 3127 686 3178 ab
706 3132 720 3177 7
738 3132 838 3177 remoto
856 3146 888 3169 =
906 3128 970 3177 Inst.
986 3130 1011 3188 a,
1026 3129 1050 3190 9,
1067 3130 1076 3174 4
1099 3124 1110 3188 44
1128 3139 1175 3176 sno

94 3195 155 3260 44444
178 3197 202 3258 t,
218 3197 266 3255 444
285 3195 296 3258 44
314 3193 370 3261 §38
390 3198 525 3258 superiore
543 3196 734 3260 conmentario]
755 3200 780 3256 4,
796 3199 853 3246 444.
868 3197 915 3246 448
930 3209 985 3260 seq.

1124 3328 1174 3342 NV*

162 3440 177 3485 4
196 3435 310 3486 heredes
328 3449 392 3487 suos
408 3435 452 3499 0¹¹,
473 3448 537 3486 suos
555 3435 669 3486 heredes
681 3437 744 3486 lost.
765 3435 776 3497 44
797 3439 828 3483 44
848 3447 903 3485 444
922 3436 1020 3486 addidit
1035 3434 1172 3495 Goesehm,

94 3518 140 3555 om.
165 3505 186 3556 G
204 3504 280 3566 (44444.
305 3504 336 3556 0⁸
351 3517 413 3568 444.
428 3507 477 3556 444
497 3517 567 3557 ners.
581 3504 628 3564 35)
651 3503 662 3566 44
686 3508 716 3553 44
736 3503 872 3554 hereditas
894 3503 976 3565 G(eoe
993 3503 1060 3566 44444
1076 3504 1174 3566 444444-

93 3579 160 3624 mote
178 3573 394 3623 monocerotem
417 3576 553 3635 irrepsisse
572 3575 706 3634 4444444444
724 3573 864 3632 Potenaor)
887 3572 898 3636 44
924 3575 1023 3621 44-44
1048 3573 1175 3633 suppleuit

9 3693 10 3698 ,
94 3643 221 3706 1444444444,
241 3644 285 3704 444
301 3645 333 3692 44
354 3642 425 3692 iura:
452 3655 514 3691 nam
541 3637 545 3709 4
570 3644 596 3691 et
613 3644 711 3704 agnato
730 3643 879 3702 4444444444·
899 3642 1040 3692 Mommsen
1056 3641 1176 3703 44444444

9 3701 11 3724 ¹
93 3713 193 3762 4444444
210 3713 291 3762 neten·
308 3712 380 3761 iure:
402 3711 430 3761 id
449 3712 472 3762 si
490 3707 558 3777 4444,
580 3712 693 3774 444444,-
717 3711 835 3772 Krneper
859 3711 890 3760 de
912 3706 1026 3775 soiliolet
1049 3712 1087 3758 444
1105 3711 1175 3773 4444·-

94 3783 168 3840 tem't,
182 3785 211 3831 44
223 3781 300 3830 simut
312 3781 533 3842 transponendum
545 3780 668 3830 essetnec
681 3779 833 3828 4444444444
842 3783 901 3840 post
912 3781 1055 3829 contentus
1073 3778 1084 3841 44
1103 3781 1131 3826 44
1148 3777 1171 3840 a]

94 3849 175 3917 ape,
197 3849 263 3911 4444.
285 3848 316 3899 (2⁸
330 3862 392 3913 444.
409 3849 486 3898 XXX
502 3850 587 3899 adnot.
607 3848 632 3908 d)
623 3847 664 3911 444
683 3851 714 3896 44
738 3846 805 3896 illud
828 3849 856 3897 44
877 3850 1048 3910 smptor'onem
1071 3849 1175 3896 4444444

97 3919 241 3977 Goesohen;
260 3931 282 3967 4.
296 3931 320 3980 4.
338 3919 369 3967 de
386 3920 413 3967 et
435 3917 483 3980 4444
499 3914 566 3984 (sed)
583 3917 617 3978 444
639 3916 707 3965 illud
725 3913 899 3983 44444444444
918 3912 1064 3997 inueni>tur
1081 3917 1175 3978 4444444

95 3987 213 4050 44444444·
224 3985 235 4048 44
248 3987 443 4037 conuenienter
456 3985 594 4047 Goesohen,
610 3985 809 4035 conuenientur
823 3984 843 4036 0
859 3985 870 4048 44
888 3987 940 4034 44·
935 3999 957 4035 rs
970 3999 1004 4035 en
1016 3985 1059 4034 his
1072 3996 1175 4033 correo·

95 4057 165 4106 tnm‘t
187 4054 206 4105 G
227 4055 238 4117 44
260 4053 309 4104 sed
330 4054 467 4114 Goesohen,
492 4055 565 4106 sedsi
592 4054 618 4118 C,
640 4053 706 4116 4444.
735 4053 766 4105 0⁸
788 4067 851 4118 444.
865 4057 916 4105 544
934 4067 1003 4104 nors.
1021 4055 1052 4102 47
1071 4056 1095 4101 44
1109 4064 1172 4115 444

94 4127 142 4174 444
160 4136 231 4174 nors.
247 4129 261 4172 4
283 4123 295 4186 44
318 4126 418 4172 44-45
437 4125 519 4174 nerto
537 4124 599 4188 quis
616 4137 649 4174 ex
667 4124 798 4186 proximis
820 4136 854 4173 eoo
870 4124 1022 4187 4444444444
1039 4125 1102 4170 4444
1120 4133 1175 4172 4444

96 4194 199 4243 coniecit
217 4193 367 4244 Mommsen.
