2966 4758
247 386 281 434 rv
299 383 427 450 §oa-rs
632 417 718 429 -.
765 383 825 444 174
868 417 954 427 .-

247 576 280 636 in
303 584 451 655 parentes
474 572 659 636 dominosue
676 572 744 635 dari
760 572 872 650 solent,
892 571 1078 651 diligentins
1093 570 1330 634 admoneamus,

184 661 223 723 70
248 661 399 741 Inprimis
421 661 529 740 itaque
553 661 579 721 si
602 661 693 721 iussu
715 659 816 739 patris
840 656 1000 719 dominius
1023 658 1184 736 negotium
1207 667 1333 739 gestum

248 747 318 827 erit,
346 747 378 806 in
406 746 542 808 solidum
570 755 697 826 praetor
727 745 881 806 actionem
911 744 944 803 in
972 753 1094 823 patrem
1125 742 1333 806 dominumue

249 833 449 913 conparauit3
483 841 515 894 et
537 841 640 911 reete,
673 831 750 910 quia
773 830 829 910 qui
852 831 896 891 ita
918 829 1082 910 negotium
1105 830 1196 910 gerit,
1231 831 1333 911 magis

184 919 218 981 74
247 919 347 1000 patris
370 917 531 980 dominiue
555 937 649 998 quam
673 917 731 977 filii
754 916 883 978 seruiua
905 915 1000 977 fldem
1016 916 1173 996 sequitur.
1214 916 1333 977 Eadem
1352 929 1366 974 s

247 1006 367 1066 ratione
390 1003 403 1085 ΙΙ
426 1005 610 1084 conparauit
632 1003 712 1066 duas
728 1003 807 1064 alias
822 1002 973 1082 actiones,
1000 1002 1218 1063 exercitoriam
1235 1011 1267 1064 et
1282 1003 1333 1062 in·
1341 1015 1432 1076 pgatt

247 1091 411 1153 stitoriam.
452 1098 528 1151 tunc
551 1099 656 1152 autem
680 1089 867 1151 exercitoria
890 1087 993 1148 locum
1016 1087 1122 1166 habet,
1149 1106 1220 1148 cum
1243 1097 1335 1168 pater

247 1176 436 1238 dominusne
459 1176 562 1238 lilium
584 1194 755 1238 seruumue
782 1174 970 1252 magistrum
1001 1175 1078 1235 naui
1098 1177 1330 1254 praeposuerit,

215 1323 217 1328 .
247 1273 278 1325 et
308 1261 388 1342 quid
417 1281 488 1323 cum
517 1281 554 1323 eo
583 1263 652 1323 eius
682 1261 730 1322 rei
761 1260 861 1340 gratia
898 1259 950 1320 cni
986 1259 1186 1340 praepositus
1221 1260 1331 1340 luerit,

251 1348 434 1430 [negotium]
462 1356 586 1428 gestum
602 1349 673 1409 erit.
707 1366 779 1408 cum
795 1346 880 1407 enim
896 1364 932 1406 ea
949 1364 1077 1425 quoque
1093 1364 1143 1406 res
1159 1365 1200 1406 ex
1215 1347 1334 1408 nolun-
1353 1360 1383 1406 44

246 1444 309 1498 4444
332 1434 433 1515 patris
456 1434 619 1495 dominiue
643 1434 783 1495 contrahi
805 1431 967 1508 uideatur,
1000 1431 1230 1511 aequissimum
1261 1451 1333 1494 esse

245 1522 353 1582 uisum
377 1528 426 1582 est
448 1521 481 1581 in
504 1519 640 1582 solidum
664 1520 812 1580 actionem
828 1513 878 1602 (in
901 1512 984 1602 enm)
1001 1517 1082 1579 dari.
1120 1517 1200 1597 quin
1223 1519 1329 1597 etiam,

247 1608 319 1669 licet
343 1615 531 1668 extraneum
554 1607 690 1685 quisque
712 1607 898 1685 magistrum
921 1605 999 1665 naui
1018 1604 1242 1684 praeposuerit
1264 1605 1333 1666 siue

247 1711 376 1755 seruum
408 1692 477 1754 siue
507 1690 662 1769 liberum,
695 1701 802 1752 tamen
832 1708 868 1750 ea
894 1689 1055 1769 praetoria
1085 1690 1165 1750 actio
1195 1690 1228 1750 in
1259 1709 1333 1751 eum

247 1778 404 1841 redditur.
444 1777 516 1840 ideo
552 1787 658 1840 autem
690 1777 880 1839 exercitoria
908 1777 989 1836 actio
1021 1775 1216 1856 appellatur,
1256 1777 1333 1857 quia
1352 1789 1384 1834 ts

246 1865 403 1926 exercitor
425 1872 558 1926 uocatur
587 1864 615 1924 is
642 1863 682 1924 ad
712 1882 807 1942 quem
836 1860 1028 1923 cottidianus
1058 1862 1150 1923 nauis
1180 1871 1333 1941 quaestus

246 1952 407 2031 peruenit.
454 1950 610 2011 institoria
631 1968 709 2010 uero
731 1949 865 2010 formula
888 1956 957 2009 tum
980 1948 1083 2009 locum
1112 1947 1226 2027 habet,
1260 1967 1333 2009 cum

247 2039 320 2116 quis
349 2035 500 2096 tabernae
532 2044 588 2097 aut
618 2033 751 2096 cuilibet
779 2033 985 2115 negotiationi
1021 2033 1123 2095 filium
1158 2053 1333 2095 seruumue

247 2130 301 2184 aut
324 2120 503 2201 quemlibet
525 2129 711 2183 extraneum
734 2121 803 2182 siue
827 2139 956 2182 sernum
979 2120 1051 2181 siue
1074 2118 1214 2181 liberum
1237 2139 1333 2200 prae-

246 2207 407 2288 posuerit,
442 2215 474 2268 44
503 2205 582 2287 quid
609 2227 682 2268 oum
706 2225 742 2268 eo
766 2208 837 2268 eius
860 2206 906 2267 rei
929 2206 1032 2286 gratia
1054 2207 1106 2267 cni
1128 2206 1333 2286 praepositus
1351 2219 1385 2264 24
1479 2209 1480 2216 ³

247 2302 306 2371 est,
332 2301 530 2354 contractum
553 2293 660 2354 fuerit.
694 2292 765 2354 ideo
789 2301 895 2354 autem
911 2291 1068 2354 institoria
1084 2301 1227 2371 uocatnr,
1254 2291 1333 2372 quia

247 2379 303 2460 qui
339 2379 491 2442 tabernae
527 2379 752 2460 praeponitur,
792 2379 917 2440 institor
952 2379 1142 2458 appellatur.
1187 2396 1268 2457 quae
1301 2386 1334 2438 et

182 2465 222 2527 72
246 2467 317 2547 ipsa
338 2465 472 2527 formula
495 2466 528 2526 in
551 2465 687 2528 solidum
711 2474 770 2528 est.
818 2466 983 2526 Praeterea
1006 2462 1173 2526 tributaria
1201 2482 1332 2544 quoque

245 2554 326 2615 actio
349 2554 382 2613 in
404 2561 527 2632 patrem
551 2551 756 2613 dominumue
780 2550 951 2612 constituta
974 2558 1033 2626 est,
1059 2569 1130 2611 cum
1153 2549 1240 2611 filius
1262 2567 1333 2610 ser-

244 2657 346 2701 nusue
369 2639 402 2699 in
426 2638 584 2718 peculiari
605 2657 710 2700 merce
734 2639 853 2700 sciente
875 2644 967 2716 patre
998 2635 1166 2696 dominoue
1189 2637 1333 2716 negotie—
1351 2649 1384 2695 24

1278 2753 1331 2769 ΛΜ

313 2808 371 2874 144
391 2808 462 2860 conf.
481 2809 546 2858 lnst.
563 2809 587 2868 4,
602 2812 627 2870 7,
642 2812 652 2857 4
675 2807 687 2871 11
705 2807 758 2872 §n
782 2819 868 2870 nsque
886 2805 921 2856 sd
936 2809 966 2854 to
985 2809 1035 2856 erit
1053 2805 1161 2856 atinde
1179 2805 1215 2856 ab
1229 2810 1261 2856 45
1274 2809 1332 2856 ideo

245 2877 317 2929 conl.
337 2880 400 2928 lnst.
414 2881 439 2938 4,
454 2881 479 2938 t,
495 2881 509 2925 2
528 2877 539 2940 11
557 2875 615 2940 142
635 2875 707 2927 coni.
726 2879 792 2927 lnst.
807 2878 831 2935 t,
846 2879 871 2937 7,
887 2879 912 2927 3.

314 3034 324 3079 4
347 3032 473 3096 parentes
486 3031 562 3090 44444,Ι
579 3030 699 3094 parentis
714 3029 734 3080 G
750 3029 762 3092 11
779 3034 793 3078 2
814 3029 953 3078 dominius
970 3027 1108 3088 Goescten,
1122 3028 1277 3078 dominisue
1293 3028 1313 3078 C
1322 3025 1332 3094 11

245 3104 311 3149 6-4
329 3099 492 3149 institoriam
513 3098 651 3158 Gaesoten,
672 3098 865 3148 institutoriam
881 3096 901 3147 0
920 3097 1078 3158 (constanter
1097 3096 1117 3147 0
1133 3097 1234 3147 4444444
1251 3098 1332 3148 insti-

244 3169 342 3218 tutoria
362 3172 386 3217 et
403 3168 550 3228 institutor,
570 3168 632 3216 444444
648 3166 704 3228 sere
721 3171 869 3216 constanter
880 3167 998 3215 meliores
1010 3167 1108 3216 codices
1121 3167 1331 3226 institutionum
1477 3141 1479 3214 4

243 3239 334 3288 cantra
356 3236 490 3286 institoria
514 3240 539 3285 et
562 3235 669 3284 institor
687 3237 826 3285 deteriores
844 3236 942 3285 codices
961 3235 1153 3284 institutionum
1170 3247 1228 3284 cnm
1252 3235 1333 3284 Theo-

240 3305 321 3369 pttlo)
340 3303 351 3367 1
369 3307 383 3354 8
397 3305 461 3354 naui
472 3305 663 3354 Institutionum
675 3305 773 3354 codices
783 3303 876 3363 PWE,
890 3305 968 3353 nauis
981 3302 1000 3354 G
1012 3308 1037 3353 ot
1046 3304 1236 3354 Institutionum
1249 3305 1332 3353 eodan

244 3376 266 3425 B
283 3373 294 3437 11
314 3377 328 3422 9
346 3374 517 3438 praepositus
530 3373 604 3433 last,
623 3373 809 3436 praepositum
820 3373 900 3438 posti
915 3372 949 3424 ΟΠ
967 3371 978 3434 11
995 3375 1078 3422 9-444
1098 3370 1179 3422 fuerit
1190 3374 1330 3435 negotium

243 3445 348 3506 gestum
362 3444 413 3493 erit
425 3441 459 3493 0¹¹
474 3443 621 3506 (negotium
634 3447 663 3492 nt
673 3443 800 3506 plassnna
812 3441 906 3491 delenit
918 3441 1081 3501 Mommsen),
1096 3442 1148 3491 erit
1160 3445 1331 3490 contractum

242 3511 323 3562 luerit
336 3512 398 3562 Inst.
419 3510 430 3574 11
450 3515 481 3560 tt
499 3513 635 3562 actionem
653 3511 791 3572 (tassetan,
805 3511 877 3561 44444
892 3508 935 3572 0¹¹,
950 3510 1014 3572 cons.
1032 3509 1281 3573 depensuram.
1295 3506 1332 3576 411

243 3583 271 3630 in
290 3593 353 3631 sum
378 3582 494 3630 additam
518 3586 556 3631 est
576 3582 641 3630 daca
658 3580 787 3630 Hasctltto
804 3579 815 3642 11
834 3582 865 3628 43
885 3579 1009 3643 quisque]
1030 3580 1177 3643 quisquas
1200 3577 1331 3640 01144444

245 3650 383 3712 Gaescten,
404 3651 501 3700 nauis?
521 3647 567 3716 Cli
586 3653 615 3698 45
635 3651 704 3699 44444
720 3647 763 3708 0¹²,
784 3662 832 3698 om.
852 3649 913 3697 lnst.
931 3647 942 3710 11
960 3650 990 3696 tl
1009 3649 1135 3711 peruenit
1148 3645 1190 3709 0¹¹,
1211 3648 1332 3711 pertinet

244 3719 306 3769 lnst.
327 3718 338 3781 11
355 3719 488 3768 institoria
504 3718 642 3778 Goescten
662 3715 869 3776 institutorius),
889 3718 920 3766 de
939 3717 1000 3765 lnst.
1021 3716 1087 3779 cans.
1105 3729 1187 3778 snpra
1205 3717 1239 3765 ad
1256 3729 1327 3766 aens.

244 3793 308 3837 a—t
322 3786 333 3849 11
346 3790 403 3836 tum
419 3785 445 3849 C,
466 3792 531 3836 tunc
544 3788 604 3836 lnst.
620 3787 675 3849 1148
689 3786 818 3836 tabernae
833 3785 858 3844 0,
874 3784 1002 3834 tabernae
1016 3783 1083 3835 44444
1097 3785 1159 3834 lnst.
1174 3785 1185 3847 11
1198 3788 1229 3832 tlt
1243 3786 1329 3848 gratia

245 3857 269 3918 0,
291 3869 371 3907 causa
385 3857 447 3905 lnst.
467 3852 522 3921 1124
546 3859 587 3905 est
607 3854 649 3917 ΟΠ,
671 3857 722 3905 erit
738 3857 801 3905 lnst.
821 3855 832 3919 11
850 3854 983 3904 institoria
1004 3853 1142 3914 (4444444444,
1164 3853 1329 3903 institutoria

245 3925 271 3987 G,
292 3927 322 3976 do
341 3925 403 3974 lnst.
425 3924 490 3986 conf.
509 3937 590 3985 snpra
609 3925 642 3973 ad
659 3938 729 3974 ners.
747 3928 810 3972 6-7
829 3920 890 3990 1122
909 3924 1017 3972 institor
1032 3922 1170 3982 Goesclten,
1191 3923 1330 3972 institutor

244 3995 273 4056 C,
301 3997 331 4044 dc
351 3995 414 4043 Inst.
435 3992 502 4054 cans.
523 4006 604 4054 snpra
622 3994 656 4042 ad
673 4007 744 4042 nors.
760 3997 825 4042 a-7
844 3991 855 4055 11
876 4006 946 4056 quae
968 3992 1106 4052 Goescten,
1130 4004 1184 4055 qua
1205 3989 1233 4050 C,
1260 3991 1326 4053 conf.

244 4063 276 4113 0⁸
296 4068 422 4127 1444290
441 4075 511 4110 nors.
529 4065 560 4110 48
581 4060 591 4123 11
616 4063 717 4110 24-25
738 4067 798 4124 past
819 4060 951 4111 serbusue
972 4060 1006 4111 0¹¹
1028 4074 1079 4122 per
1102 4072 1220 4110 44444444
1236 4062 1330 4122 repent

242 4133 338 4182 narba:
359 4133 505 4182 constituta
518 4133 560 4180 est
573 4143 636 4179 cum
649 4129 721 4180 lilius
734 4143 866 4180 seruusue
883 4129 895 4193 11
914 4133 946 4179 tt
965 4130 1094 4194 peculiari
1109 4129 1182 4192 last,
1197 4128 1328 4194 peculiari

241 4201 383 4265 quioptio‘l
403 4199 447 4251 Cn.
