2908 4764
481 418 565 428 ..-
612 383 651 444 17
694 417 781 428 -
1014 379 1169 446 loct-os

89 575 259 656 appellari,
286 574 340 634 uel
362 591 380 633 6
401 574 522 634 Graeca
543 591 620 634 uoce
644 573 738 654 quasi
762 564 914 656 σποράδην
937 573 1091 652 concepti,
1116 572 1171 632 661

90 661 179 742 quasi
202 660 273 721 sine
295 668 386 740 patre
406 657 474 718 filii.

44 837 73 895 65
174 828 356 915 {Aliquando
371 838 471 891 autem
486 831 593 909 666666,
612 836 651 890 ut
662 828 752 891 tiberi
764 830 817 910 qui
830 829 933 890 stetim
947 837 982 890 ut
994 825 1071 912 nolti
1083 838 1168 905 sunt,

90 927 260 999 parentum
282 919 316 978 in
337 925 492 996 potestate
513 910 577 976 non
600 915 686 993 fiant,
716 917 740 976 ii
762 923 872 996 postea
893 924 1000 977 tamen
1022 913 1173 994 redigan-

43 1010 137 1068 titur
159 1005 193 1065 in
216 1011 415 1084 potestatem.
467 1003 563 1064 Veluti
588 1005 618 1063 oi
637 1003 767 1064 Latinus
798 1001 929 1082 exlege
950 1001 1038 1062 Aelia
1061 1000 1205 1062 Sentiat

91 1109 185 1152 uxore
210 1089 307 1152 ducta
328 1089 430 1149 filium
452 1089 668 1168 procreauorit
689 1097 743 1150 aut
764 1087 910 1149 Latinum
933 1107 974 1148 ex
988 1088 1094 1148 Latina
1116 1095 1171 1146 aut

91 1179 191 1238 ciuem
206 1178 383 1237 Romanum
406 1195 447 1236 ex
468 1175 538 1236 ciue
552 1175 702 1253 Romana,
727 1191 791 1234 non
812 1172 943 1234 habebit
963 1191 1037 1234 eum
1058 1173 1092 1233 in
1113 1186 1172 1250 po-

91 1272 219 1339 tcstate;
245 1261 299 1323 sed
320 1263 349 1323 si
367 1269 470 1341 666666
492 1279 589 1322 66666
607 1261 742 1342 probata
764 1262 814 1322 ius
836 1256 1033 1342 (0666666666)
1060 1276 1172 1320 66666-

92 1357 175 1410 cetus
202 1347 308 1428 fuerit,
341 1347 437 1408 simul
469 1365 539 1408 eum
568 1347 601 1408 in
632 1355 784 1428 potestate
799 1343 812 1428 1]
828 1365 883 1407 666
907 1345 1023 1408 habere
1045 1345 1168 1424 incipit.
1179 1357 1273 1417 pagno

13 1457 14 1466 ¹
45 1437 164 1498 6716666
193 1435 223 1495 si
252 1433 334 1494 cinis
359 1435 519 1494 Romanus
547 1435 687 1494 [atinam
716 1441 771 1493 aut
804 1434 1007 1512 peregrinam
1039 1447 1171 1492 uxorem
1190 1441 1222 1486 66

92 1521 216 1582 duxerit
237 1539 297 1600 666
318 1519 541 1598 ignorantiam,
574 1539 646 1580 cum
675 1537 744 1581 eam
777 1519 882 1580 ciuem
903 1519 1071 1579 Romanam
1101 1533 1171 1578 6666

92 1606 251 1684 crederet,
287 1615 319 1666 66
340 1605 439 1666 filium
462 1607 692 1686 procreauerit‚
725 1605 861 1666 hicnon
884 1605 987 1665 estin
1015 1611 1171 1684 potestate

93 1695 166 1772 cius,
199 1691 276 1773 quia
297 1709 338 1752 ne
361 1690 489 1772 quidem
512 1691 593 1753 ciuis
614 1693 771 1752 Romanus
794 1700 852 1766 666,
885 1689 943 1752 scd
965 1699 1020 1751 666
1041 1691 1171 1750 1661666

93 1787 142 1841 666
155 1779 357 1858 peregrinus,
385 1776 419 1838 id
435 1787 482 1839 est
499 1777 569 1839 eius
584 1776 777 1838 condicionis
791 1778 883 1838 cuius
898 1785 930 1837 66
944 1784 1045 1838 mater
1061 1775 1167 1853 166666,

94 1868 244 1945 quianon
260 1865 353 1924 aliter
368 1865 506 1944 quisque
522 1863 562 1924 ad
576 1865 677 1944 patris
692 1862 908 1924 condicionem
924 1861 1056 1942 accedit,
1076 1879 1170 1942 quam
1190 1871 1220 1916 65

94 1951 118 2012 61
139 1953 224 2012 16666
245 1959 369 2031 patrem
391 1959 423 2010 66
448 1959 580 2011 matrem
604 1951 674 2011 eius
696 1949 868 2010 conubium
891 1950 952 2027 sit;
979 1948 1036 2011 scd
1058 1967 1098 2010 ex
1120 1966 1172 2009 se·

95 2037 325 2100 natusoonsulto
340 2037 534 2116 permittitur
548 2055 675 2097 causam
690 2037 805 2097 erroris
820 2035 964 2116 probare,
986 2043 1019 2097 ot
1033 2035 1077 2097 ita
1091 2053 1172 2096 uxor

96 2141 216 2204 quoque
240 2131 273 2184 66
294 2121 380 2183 filius
403 2121 442 2183 ad
464 2123 627 2184 ciuitatem
649 2123 819 2183 Romanam
840 2122 1044 2202 perueniunt,
1078 2129 1110 2182 et
1132 2139 1172 2181 ex

96 2227 129 2269 eo
148 2219 290 2289 tempore
313 2208 424 2288 incipit
446 2208 532 2269 filius
547 2209 580 2268 in
596 2216 753 2288 potestate
769 2208 871 2288 patris
886 2227 966 2269 esse.
991 2207 1076 2269 idem
1092 2207 1172 2268 iuris

97 2303 142 2356 est
155 2298 180 2356 si
191 2313 266 2356 eam
280 2312 338 2373 per
353 2295 561 2374 ignorantiam
575 2313 706 2356 uxorem
718 2293 848 2355 duxerit
859 2314 941 2374 quae
953 2293 1171 2356 dediticiorum
1190 2301 1221 2346 66

46 2385 77 2444 68
97 2399 220 2442 numero
243 2389 303 2458 est,
329 2381 391 2442 nisi
414 2378 500 2460 quod
522 2400 603 2442 uxor
623 2399 687 2441 non
709 2380 745 2440 fit
766 2380 848 2441 ciuis
863 2381 1012 2441 Romana.
1040 2381 1125 2441 'Item
1144 2379 1171 2440 si

98 2467 172 2528 ciuis
186 2469 323 2527 Romana
339 2485 399 2546 666
415 2485 553 2526 errorem
567 2475 667 2546 nupta
690 2466 732 2528 sit
746 2466 914 2546 peregrino
930 2474 1091 2546 tamquam
1107 2465 1171 2525 ciui

98 2553 236 2631 Romano,
262 2553 459 2632 permittitur
480 2553 510 2613 ei
532 2569 658 2614 causam
678 2552 795 2613 erroris
810 2552 954 2632 probare,
981 2560 1012 2612 et
1028 2552 1070 2612 ita
1085 2551 1171 2611 filius

101 2656 219 2719 quoque
235 2640 305 2699 eius
321 2647 353 2700 66
367 2639 502 2700 maritus
516 2638 555 2699 ad
567 2637 728 2700 ciuitatem
735 2640 905 2699 Romanam
918 2639 1122 2718 perueniunt,
1139 2644 1171 2696 66

100 2742 192 2805 aeque
212 2724 309 2786 simul
323 2725 436 2804 incipit
450 2725 535 2786 filius
550 2725 583 2784 in
597 2733 753 2804 potestate
769 2725 869 2804 patris
884 2743 966 2786 6666.
991 2723 1076 2785 idem
1092 2724 1170 2785 iuris
1190 2730 1221 2778 25

102 2819 145 2870 666
162 2813 187 2872 61
204 2811 371 2891 peregrino
386 2821 548 2890 tamquam
564 2811 670 2872 Latino
687 2830 728 2872 ex
748 2812 818 2890 lege
833 2808 922 2872 Aelia
940 2811 1047 2871 Sentia
1069 2816 1169 2890 nupta

102 2896 150 2973 sit;
166 2915 236 2957 nam
252 2905 285 2957 et
299 2896 340 2958 de
354 2896 412 2957 hoc
428 2896 609 2976 specialiter
625 2897 899 2959 senatusconsulto
915 2903 1060 2958 cauetur.
1086 2896 1170 2958 idem

102 2981 171 3044 iuris
186 2991 233 3045 est
247 2983 454 3063 aliquatenus
470 2982 497 3044 si
513 2983 543 3042 ei
559 2983 615 3062 qui
631 2982 851 3045 dediticiorum
866 3002 997 3044 numero
1014 2992 1074 3060 666,
1090 2991 1171 3044 tam-

102 3083 184 3146 quam
200 3070 264 3130 ciui
279 3070 416 3130 Romano
432 3077 487 3129 aut
501 3067 610 3128 Latino
632 3087 648 3129 6
669 3070 740 3150 lege
755 3067 844 3130 Aelia
861 3069 968 3131 Sentia
990 3077 1091 3150 nupto
1109 3069 1167 3146 sit;

103 3200 1169 3220 mevwmmwmmmmmvxmwwwwvxmmvwvwmmwuvv

160 3263 214 3328 §65
232 3265 289 3314 iere
308 3285 340 3308 =
358 3265 423 3316 Inst.
440 3269 465 3326 t,
480 3269 522 3327 66,
538 3270 579 3318 68.

102 3367 145 3384 ΛΝ·

160 3445 169 3490 6
192 3443 278 3507 quasi]
300 3444 364 3506 cons.
387 3444 418 3495 6⁰
433 3457 495 3508 666.
507 3449 558 3498 269
575 3457 645 3494 cers.
658 3449 693 3497 26
710 3443 722 3507 1]
745 3441 875 3512 σποράδην
894 3445 968 3506 lost,
988 3444 1105 3508 sporedc
1127 3443 1172 3511 01]

104 3509 275 3574 antiquando
293 3538 328 3548 -
344 3515 376 3562 ut
394 3513 435 3578 66]
456 3515 586 3574 suppleuit
604 3513 755 3562 Lachmann
773 3527 807 3562 66
825 3513 886 3564 inst.
909 3510 922 3576 61
943 3517 956 3561 t
980 3517 1124 3578 parentum
1142 3515 1170 3562 in

103 3581 224 3638 potestate
235 3581 264 3642 0,
283 3583 312 3630 in
330 3583 462 3645 potestate
474 3585 618 3646 parentum
631 3583 694 3632 Inst.
713 3581 725 3645 ΙΙ
743 3583 761 3631 ii
778 3581 805 3641 0,
829 3583 956 3634 6661666.
973 3583 1145 3643 (centonius)
1162 3579 1172 3648 ΙΙ

104 3646 116 3691 t
136 3647 213 3699 ueluti
231 3650 264 3713 61]
285 3650 351 3712 cons.
374 3651 406 3702 0⁸
429 3651 441 3714 1]
466 3655 533 3700 8-9
551 3653 586 3700 ad
608 3653 720 3701 incertos
741 3650 879 3700 Gceschem'
902 3656 926 3700 66
945 3651 1058 3700 Blutmit
1080 3653 1171 3702 ductus

105 3713 170 3778 (tons.
184 3717 225 3777 0⁸)
235 3720 383 3769 dubitanter
395 3721 554 3781 suppletum
566 3723 594 3770 66
607 3720 626 3770 0
636 3721 717 3783 scisse
726 3723 821 3781 6666666
831 3721 903 3770 uelut
915 3715 1168 3788 s'sip'eefipbataiusl

105 3790 252 3838 consecutus
264 3787 346 3840 fucrit
358 3789 448 3851 simul,
462 3789 528 3852 6666.
545 3789 588 3840 068
605 3788 616 3851 Ι]
635 3795 649 3838 9
664 3788 736 3851 eum]
752 3801 814 3852 ergo
828 3801 891 3838 cum
907 3789 1000 3840 066666
1015 3789 1095 3840 06666
1113 3802 1169 3849 666,

106 3853 159 3914 tout.
175 3855 216 3905 0⁸⁸
233 3857 245 3919 Ι]
264 3860 294 3904 63
315 3857 382 3920 eius]
402 3857 470 3920 conf.
489 3859 521 3908 0²
535 3872 598 3922 666.
616 3864 668 3913 266
685 3871 755 3908 cers.
769 3861 803 3908 66
822 3857 833 3921 Ι]
851 3871 885 3908 66
904 3859 1014 3922 quidem
1029 3857 1082 3908 066
1106 3893 1109 3902 .
1128 3872 1167 3916 en,

105 3925 278 3984 nequeumt
298 3925 342 3985 01¹,
362 3926 619 3991 666606666296
641 3927 652 3991 Ι]
675 3931 706 3976 68
731 3927 775 3990 ad]
802 3931 829 3976 66
850 3941 885 3976 666
906 3929 933 3976 66
957 3932 1100 3977 correctum
1121 3927 1141 3977 0
1161 3923 1171 3991 ΙΙ

107 3989 307 4044 antedictorum
323 3994 425 4058 061167
440 3998 561 4046 cauetur.
577 3996 650 4046 idern
666 3997 804 4054 06666666,
820 3996 1021 4046 caueturridem
1033 3997 1075 4044 666
1088 4008 1170 4044 6666-

106 4055 224 4121 tupridem
250 4063 314 4127 (1¹¹ss
337 4067 368 4114 28
388 4063 578 4114 dediticiorum
601 4065 954 4126 06666666,6166166666666
979 4065 1022 4124 0ss,
1048 4062 1114 4124 conf.
1138 4061 1169 4112 0·

105 4133 292 4195 6662991169
313 4146 328 4182 6
345 4133 402 4196 tege
421 4133 495 4184 66166
513 4135 604 4183 Sentio
625 4134 768 4193 Goescten,
793 4149 817 4184 a·
838 4135 952 4198 seleges·
971 4135 994 4182 6·
1016 4131 1169 4194 (6666116

107 4192 182 4248 Sentio
199 4215 213 4251 6
231 4201 289 4265 lego
307 4201 382 4252 Aelia
400 4203 518 4266 Sentiat)
538 4202 565 4263 0,
586 4203 652 4265 conf.
670 4203 701 4252 06
716 4217 777 4266 666.
789 4205 850 4256 257.

150 4295 221 4341 66666.
948 4307 962 4350 2
