<?xml version="1.0" encoding="UTF-8"?>
<!DOCTYPE html PUBLIC "-//W3C//DTD XHTML 1.0 Transitional//EN"
    "http://www.w3.org/TR/xhtml1/DTD/xhtml1-transitional.dtd">
<html xmlns="http://www.w3.org/1999/xhtml" xml:lang="en" lang="en">
 <head>
  <title>
</title>
<meta http-equiv="Content-Type" content="text/html;charset=utf-8" />
  <meta name='ocr-system' content='tesseract 3.04.00' />
  <meta name='ocr-capabilities' content='ocr_page ocr_carea ocr_par ocr_line ocrx_word'/>
</head>
<body>
  <div class='ocr_page' id='page_1' title='image "./gaiinstitvtione00kruegoog_0240.png"; bbox 0 0 2966 4758; ppageno 0'>
   <div class='ocr_carea' id='block_1_1' title="bbox 263 341 972 430">
    <p class='ocr_par' dir='ltr' id='par_1_1' title="bbox 263 341 972 430">
     <span class='ocr_line' id='line_1_1' title="bbox 263 341 972 430; baseline -0.013 -36"><span class='ocrx_word' id='word_1_1' title='bbox 263 341 477 410; x_wconf 68' lang='grc' dir='ltr'><strong>ιιιιιι-ιιε</strong></span> <span class='ocrx_word' id='word_1_2' title='bbox 573 425 575 430; x_wconf 23' lang='grc' dir='ltr'>Ι</span> <span class='ocrx_word' id='word_1_3' title='bbox 649 341 972 404; x_wconf 81' lang='lat'><strong>...192....</strong></span> 
     </span>
    </p>
   </div>
   <div class='ocr_carea' id='block_1_2' title="bbox 182 526 1479 2676">
    <p class='ocr_par' dir='ltr' id='par_1_2' title="bbox 182 526 1479 1730">
     <span class='ocr_line' id='line_1_2' title="bbox 182 526 1406 612; baseline -0.004 -18"><span class='ocrx_word' id='word_1_4' title='bbox 182 535 240 596; x_wconf 85' lang='lat' dir='ltr'><strong>lli</strong></span> <span class='ocrx_word' id='word_1_5' title='bbox 266 551 360 594; x_wconf 87' lang='lat' dir='ltr'><strong>causa</strong></span> <span class='ocrx_word' id='word_1_6' title='bbox 384 539 552 612; x_wconf 89' lang='lat' dir='ltr'><strong>conparata</strong></span> <span class='ocrx_word' id='word_1_7' title='bbox 567 540 642 594; x_wconf 93' lang='lat' dir='ltr'><strong>sunt</strong></span> <span class='ocrx_word' id='word_1_8' title='bbox 657 531 710 594; x_wconf 88' lang='lat' dir='ltr'><strong>uel</strong></span> <span class='ocrx_word' id='word_1_9' title='bbox 726 529 911 594; x_wconf 81' lang='lat' dir='ltr'><strong>retinendae</strong></span> <span class='ocrx_word' id='word_1_10' title='bbox 925 529 979 592; x_wconf 90' lang='lat' dir='ltr'><strong>uel</strong></span> <span class='ocrx_word' id='word_1_11' title='bbox 993 527 1233 610; x_wconf 77' lang='lat' dir='ltr'><strong>reciperandae.</strong></span> <span class='ocrx_word' id='word_1_12' title='bbox 1274 526 1354 590; x_wconf 85' lang='lat' dir='ltr'><strong>Adi·</strong></span> <span class='ocrx_word' id='word_1_13' title='bbox 1403 557 1406 562; x_wconf 94' lang='lat'>·</span> 
     </span>
     <span class='ocr_line' id='line_1_3' title="bbox 263 613 1354 700; baseline -0.004 -20"><span class='ocrx_word' id='word_1_14' title='bbox 263 617 436 700; x_wconf 84' lang='lat' dir='ltr'><strong>piscandas</strong></span> <span class='ocrx_word' id='word_1_15' title='bbox 458 617 669 698; x_wconf 85' lang='lat' dir='ltr'><strong>possessionis</strong></span> <span class='ocrx_word' id='word_1_16' title='bbox 692 636 787 680; x_wconf 92' lang='lat' dir='ltr'><strong>causa</strong></span> <span class='ocrx_word' id='word_1_17' title='bbox 806 614 1013 678; x_wconf 90' lang='lat' dir='ltr'><strong>interdictum</strong></span> <span class='ocrx_word' id='word_1_18' title='bbox 1028 613 1280 678; x_wconf 87' lang='lat' dir='ltr'><strong>accommodatur</strong></span> <span class='ocrx_word' id='word_1_19' title='bbox 1297 615 1354 676; x_wconf 93' lang='lat' dir='ltr'><strong>bo-</strong></span> 
     </span>
     <span class='ocr_line' id='line_1_4' title="bbox 263 703 1351 784; baseline -0.004 -18"><span class='ocrx_word' id='word_1_20' title='bbox 263 723 375 766; x_wconf 89' lang='lat' dir='ltr'><strong>norum</strong></span> <span class='ocrx_word' id='word_1_21' title='bbox 406 705 595 784; x_wconf 84' lang='lat' dir='ltr'><strong>possessori,</strong></span> <span class='ocrx_word' id='word_1_22' title='bbox 629 703 722 766; x_wconf 91' lang='lat' dir='ltr'><strong>cuius</strong></span> <span class='ocrx_word' id='word_1_23' title='bbox 749 703 946 784; x_wconf 88' lang='lat' dir='ltr'><strong>principium</strong></span> <span class='ocrx_word' id='word_1_24' title='bbox 976 711 1024 764; x_wconf 98' lang='grc' dir='ltr'><strong>εει</strong></span> <span class='ocrx_word' id='word_1_25' title='bbox 1050 718 1169 774; x_wconf 82' lang='lat' dir='ltr'><strong>cronrn</strong></span> <span class='ocrx_word' id='word_1_26' title='bbox 1192 719 1351 779; x_wconf 83' lang='lat' dir='ltr'><strong>nononrrr;</strong></span> 
     </span>
     <span class='ocr_line' id='line_1_5' title="bbox 264 786 1354 869; baseline -0.002 -17"><span class='ocrx_word' id='word_1_27' title='bbox 264 791 394 869; x_wconf 83' lang='lat' dir='ltr'><strong>eiusque</strong></span> <span class='ocrx_word' id='word_1_28' title='bbox 423 787 476 852; x_wconf 88' lang='lat' dir='ltr'><strong>uis</strong></span> <span class='ocrx_word' id='word_1_29' title='bbox 498 797 531 850; x_wconf 89' lang='lat' dir='ltr'><strong>et</strong></span> <span class='ocrx_word' id='word_1_30' title='bbox 551 797 691 869; x_wconf 89' lang='lat' dir='ltr'><strong>potestas</strong></span> <span class='ocrx_word' id='word_1_31' title='bbox 714 790 791 850; x_wconf 90' lang='lat' dir='ltr'><strong>baec</strong></span> <span class='ocrx_word' id='word_1_32' title='bbox 813 797 878 867; x_wconf 89' lang='grc' dir='ltr'><strong>εει,</strong></span> <span class='ocrx_word' id='word_1_33' title='bbox 910 797 947 850; x_wconf 88' lang='lat' dir='ltr'><strong>ut</strong></span> <span class='ocrx_word' id='word_1_34' title='bbox 969 786 1054 868; x_wconf 92' lang='lat' dir='ltr'><strong>quod</strong></span> <span class='ocrx_word' id='word_1_35' title='bbox 1077 789 1216 868; x_wconf 91' lang='lat' dir='ltr'><strong>quisque</strong></span> <span class='ocrx_word' id='word_1_36' title='bbox 1239 805 1280 849; x_wconf 85' lang='lat' dir='ltr'><strong>ex</strong></span> <span class='ocrx_word' id='word_1_37' title='bbox 1303 787 1354 850; x_wconf 90' lang='lat' dir='ltr'><strong>his</strong></span> 
     </span>
     <span class='ocr_line' id='line_1_6' title="bbox 264 872 1384 956; baseline -0.004 -19"><span class='ocrx_word' id='word_1_38' title='bbox 264 874 357 937; x_wconf 91' lang='lat' dir='ltr'><strong>bonis</strong></span> <span class='ocrx_word' id='word_1_39' title='bbox 380 894 515 956; x_wconf 92' lang='lat' dir='ltr'><strong>quorum</strong></span> <span class='ocrx_word' id='word_1_40' title='bbox 537 875 696 956; x_wconf 89' lang='lat' dir='ltr'><strong>possessio</strong></span> <span class='ocrx_word' id='word_1_41' title='bbox 719 875 815 938; x_wconf 87' lang='lat' dir='ltr'><strong>alicui</strong></span> <span class='ocrx_word' id='word_1_42' title='bbox 838 873 911 936; x_wconf 90' lang='lat' dir='ltr'><strong>data</strong></span> <span class='ocrx_word' id='word_1_43' title='bbox 934 881 990 954; x_wconf 90' lang='lat' dir='ltr'><strong>est,</strong></span> <span class='ocrx_word' id='word_1_44' title='bbox 1017 893 1074 955; x_wconf 92' lang='lat' dir='ltr'><strong>pro</strong></span> <span class='ocrx_word' id='word_1_45' title='bbox 1090 872 1209 935; x_wconf 89' lang='lat' dir='ltr'><strong>herede</strong></span> <span class='ocrx_word' id='word_1_46' title='bbox 1224 881 1280 935; x_wconf 92' lang='lat' dir='ltr'><strong>aut</strong></span> <span class='ocrx_word' id='word_1_47' title='bbox 1295 885 1384 954; x_wconf 79' lang='lat' dir='ltr'><strong>prot</strong></span> 
     </span>
     <span class='ocr_line' id='line_1_7' title="bbox 263 958 1443 1044; baseline -0.008 -21"><span class='ocrx_word' id='word_1_48' title='bbox 263 979 444 1043; x_wconf 85' lang='lat' dir='ltr'><strong>possessore</strong></span> <span class='ocrx_word' id='word_1_49' title='bbox 460 958 473 1044; x_wconf 90' lang='grc'><strong>11</strong></span> <span class='ocrx_word' id='word_1_50' title='bbox 489 959 661 1042; x_wconf 88' lang='lat' dir='ltr'><strong>possideat,</strong></span> <span class='ocrx_word' id='word_1_51' title='bbox 689 960 722 1022; x_wconf 93' lang='lat' dir='ltr'><strong>id</strong></span> <span class='ocrx_word' id='word_1_52' title='bbox 745 961 775 1022; x_wconf 93' lang='lat' dir='ltr'><strong>ei</strong></span> <span class='ocrx_word' id='word_1_53' title='bbox 790 961 842 1023; x_wconf 91' lang='lat' dir='ltr'><strong>oui</strong></span> <span class='ocrx_word' id='word_1_54' title='bbox 857 959 1013 1022; x_wconf 88' lang='lat' dir='ltr'><strong>bonorum</strong></span> <span class='ocrx_word' id='word_1_55' title='bbox 1028 962 1186 1040; x_wconf 89' lang='lat' dir='ltr'><strong>possessio</strong></span> <span class='ocrx_word' id='word_1_56' title='bbox 1201 958 1276 1020; x_wconf 89' lang='lat' dir='ltr'><strong>data</strong></span> <span class='ocrx_word' id='word_1_57' title='bbox 1291 969 1349 1038; x_wconf 88' lang='lat' dir='ltr'><strong>est,</strong></span> <span class='ocrx_word' id='word_1_58' title='bbox 1362 968 1443 1032; x_wconf 72' lang='lat' dir='ltr'><strong>pguar</strong></span> 
     </span>
     <span class='ocr_line' id='line_1_8' title="bbox 265 1043 1354 1127; baseline -0.004 -17"><span class='ocrx_word' id='word_1_59' title='bbox 265 1047 462 1110; x_wconf 78' lang='lat' dir='ltr'><strong>restituatur.</strong></span> <span class='ocrx_word' id='word_1_60' title='bbox 496 1067 554 1126; x_wconf 91' lang='lat' dir='ltr'><strong>pro</strong></span> <span class='ocrx_word' id='word_1_61' title='bbox 577 1046 695 1110; x_wconf 86' lang='lat' dir='ltr'><strong>herede</strong></span> <span class='ocrx_word' id='word_1_62' title='bbox 718 1056 825 1110; x_wconf 90' lang='lat' dir='ltr'><strong>autem</strong></span> <span class='ocrx_word' id='word_1_63' title='bbox 847 1045 1012 1127; x_wconf 89' lang='lat' dir='ltr'><strong>possidere</strong></span> <span class='ocrx_word' id='word_1_64' title='bbox 1027 1045 1158 1108; x_wconf 91' lang='lat' dir='ltr'><strong>uidetur</strong></span> <span class='ocrx_word' id='word_1_65' title='bbox 1173 1054 1237 1107; x_wconf 90' lang='lat' dir='ltr'><strong>tam</strong></span> <span class='ocrx_word' id='word_1_66' title='bbox 1252 1043 1282 1108; x_wconf 87' lang='lat' dir='ltr'><strong>is</strong></span> <span class='ocrx_word' id='word_1_67' title='bbox 1298 1044 1354 1124; x_wconf 92' lang='lat' dir='ltr'><strong>qni</strong></span> 
     </span>
     <span class='ocr_line' id='line_1_9' title="bbox 264 1131 1355 1213; baseline -0.004 -17"><span class='ocrx_word' id='word_1_68' title='bbox 264 1136 359 1196; x_wconf 88' lang='lat' dir='ltr'><strong>heres</strong></span> <span class='ocrx_word' id='word_1_69' title='bbox 385 1142 450 1212; x_wconf 91' lang='lat' dir='ltr'><strong>est,</strong></span> <span class='ocrx_word' id='word_1_70' title='bbox 485 1151 579 1212; x_wconf 83' lang='lat' dir='ltr'><strong>quam</strong></span> <span class='ocrx_word' id='word_1_71' title='bbox 601 1132 629 1195; x_wconf 91' lang='lat' dir='ltr'><strong>is</strong></span> <span class='ocrx_word' id='word_1_72' title='bbox 653 1131 709 1213; x_wconf 94' lang='lat' dir='ltr'><strong>qui</strong></span> <span class='ocrx_word' id='word_1_73' title='bbox 731 1141 825 1213; x_wconf 90' lang='lat' dir='ltr'><strong>putat</strong></span> <span class='ocrx_word' id='word_1_74' title='bbox 846 1151 880 1194; x_wconf 92' lang='lat' dir='ltr'><strong>se</strong></span> <span class='ocrx_word' id='word_1_75' title='bbox 903 1131 1054 1194; x_wconf 89' lang='lat' dir='ltr'><strong>heredem</strong></span> <span class='ocrx_word' id='word_1_76' title='bbox 1077 1151 1162 1210; x_wconf 90' lang='lat' dir='ltr'><strong>esse;</strong></span> <span class='ocrx_word' id='word_1_77' title='bbox 1195 1131 1254 1211; x_wconf 90' lang='lat' dir='ltr'><strong>pro</strong></span> <span class='ocrx_word' id='word_1_78' title='bbox 1278 1150 1355 1212; x_wconf 93' lang='lat' dir='ltr'><strong>pos-</strong></span> 
     </span>
     <span class='ocr_line' id='line_1_10' title="bbox 265 1217 1479 1300; baseline -0.002 -18"><span class='ocrx_word' id='word_1_79' title='bbox 265 1238 388 1284; x_wconf 88' lang='lat' dir='ltr'><strong>sessore</strong></span> <span class='ocrx_word' id='word_1_80' title='bbox 418 1221 445 1280; x_wconf 85' lang='lat' dir='ltr'><strong>is</strong></span> <span class='ocrx_word' id='word_1_81' title='bbox 473 1217 616 1300; x_wconf 87' lang='lat' dir='ltr'><strong>possidet</strong></span> <span class='ocrx_word' id='word_1_82' title='bbox 646 1218 702 1299; x_wconf 90' lang='lat' dir='ltr'><strong>qui</strong></span> <span class='ocrx_word' id='word_1_83' title='bbox 731 1220 801 1280; x_wconf 89' lang='lat' dir='ltr'><strong>sine</strong></span> <span class='ocrx_word' id='word_1_84' title='bbox 824 1237 920 1280; x_wconf 90' lang='lat' dir='ltr'><strong>causa</strong></span> <span class='ocrx_word' id='word_1_85' title='bbox 942 1218 1078 1297; x_wconf 89' lang='lat' dir='ltr'><strong>aliquam</strong></span> <span class='ocrx_word' id='word_1_86' title='bbox 1101 1237 1170 1278; x_wconf 89' lang='lat' dir='ltr'><strong>rem</strong></span> <span class='ocrx_word' id='word_1_87' title='bbox 1191 1217 1355 1280; x_wconf 88' lang='lat' dir='ltr'><strong>heredita·</strong></span> <span class='ocrx_word' id='word_1_88' title='bbox 1478 1295 1479 1298; x_wconf 8' lang='grc' dir='ltr'><strong>Ἴ</strong></span> 
     </span>
     <span class='ocr_line' id='line_1_11' title="bbox 265 1302 1401 1383; baseline -0.007 -15"><span class='ocrx_word' id='word_1_89' title='bbox 265 1308 345 1369; x_wconf 89' lang='lat' dir='ltr'><strong>riam</strong></span> <span class='ocrx_word' id='word_1_90' title='bbox 371 1305 425 1366; x_wconf 88' lang='lat' dir='ltr'><strong>uel</strong></span> <span class='ocrx_word' id='word_1_91' title='bbox 448 1307 542 1366; x_wconf 89' lang='lat' dir='ltr'><strong>etiam</strong></span> <span class='ocrx_word' id='word_1_92' title='bbox 565 1314 662 1368; x_wconf 88' lang='lat' dir='ltr'><strong>totam</strong></span> <span class='ocrx_word' id='word_1_93' title='bbox 683 1303 893 1368; x_wconf 86' lang='lat' dir='ltr'><strong>hereditatem</strong></span> <span class='ocrx_word' id='word_1_94' title='bbox 916 1305 1022 1366; x_wconf 92' lang='lat' dir='ltr'><strong>sciens</strong></span> <span class='ocrx_word' id='word_1_95' title='bbox 1044 1302 1086 1366; x_wconf 93' lang='lat' dir='ltr'><strong>ad</strong></span> <span class='ocrx_word' id='word_1_96' title='bbox 1107 1322 1141 1364; x_wconf 88' lang='lat' dir='ltr'><strong>so</strong></span> <span class='ocrx_word' id='word_1_97' title='bbox 1164 1322 1228 1364; x_wconf 92' lang='lat' dir='ltr'><strong>non</strong></span> <span class='ocrx_word' id='word_1_98' title='bbox 1251 1304 1356 1383; x_wconf 88' lang='lat' dir='ltr'><strong>perti·</strong></span> <span class='ocrx_word' id='word_1_99' title='bbox 1374 1314 1401 1359; x_wconf 88' lang='grc' dir='ltr'><strong>ιι</strong></span> 
     </span>
     <span class='ocr_line' id='line_1_12' title="bbox 265 1389 1358 1472; baseline -0.004 -17"><span class='ocrx_word' id='word_1_100' title='bbox 265 1411 342 1455; x_wconf 89' lang='lat' dir='ltr'><strong>nere</strong></span> <span class='ocrx_word' id='word_1_101' title='bbox 362 1391 514 1472; x_wconf 90' lang='lat' dir='ltr'><strong>possidet.</strong></span> <span class='ocrx_word' id='word_1_102' title='bbox 547 1391 619 1454; x_wconf 90' lang='lat' dir='ltr'><strong>ideo</strong></span> <span class='ocrx_word' id='word_1_103' title='bbox 635 1400 742 1454; x_wconf 89' lang='lat' dir='ltr'><strong>autern</strong></span> <span class='ocrx_word' id='word_1_104' title='bbox 757 1389 982 1471; x_wconf 81' lang='lat' dir='ltr'><strong>adipiscendae</strong></span> <span class='ocrx_word' id='word_1_105' title='bbox 998 1389 1208 1471; x_wconf 89' lang='lat' dir='ltr'><strong>possessionis</strong></span> <span class='ocrx_word' id='word_1_106' title='bbox 1223 1397 1358 1451; x_wconf 88' lang='lat' dir='ltr'><strong>uocatur</strong></span> 
     </span>
     <span class='ocr_line' id='line_1_13' title="bbox 266 1473 1357 1562; baseline -0.005 -22"><span class='ocrx_word' id='word_1_107' title='bbox 266 1473 508 1562; x_wconf 77' lang='lat' dir='ltr'><strong>(interdictum),</strong></span> <span class='ocrx_word' id='word_1_108' title='bbox 542 1479 619 1558; x_wconf 82' lang='lat' dir='ltr'><strong>quio</strong></span> <span class='ocrx_word' id='word_1_109' title='bbox 648 1479 679 1540; x_wconf 92' lang='lat' dir='ltr'><strong>ei</strong></span> <span class='ocrx_word' id='word_1_110' title='bbox 701 1485 825 1539; x_wconf 90' lang='lat' dir='ltr'><strong>tantum</strong></span> <span class='ocrx_word' id='word_1_111' title='bbox 847 1476 926 1538; x_wconf 91' lang='lat' dir='ltr'><strong>utile</strong></span> <span class='ocrx_word' id='word_1_112' title='bbox 956 1475 1083 1556; x_wconf 90' lang='lat' dir='ltr'><strong>estqui</strong></span> <span class='ocrx_word' id='word_1_113' title='bbox 1106 1494 1192 1536; x_wconf 91' lang='lat' dir='ltr'><strong>nunc</strong></span> <span class='ocrx_word' id='word_1_114' title='bbox 1214 1473 1357 1554; x_wconf 91' lang='lat' dir='ltr'><strong>primum</strong></span> 
     </span>
     <span class='ocr_line' id='line_1_14' title="bbox 265 1559 1357 1644; baseline -0.004 -18"><span class='ocrx_word' id='word_1_115' title='bbox 265 1572 396 1626; x_wconf 90' lang='lat' dir='ltr'><strong>conatur</strong></span> <span class='ocrx_word' id='word_1_116' title='bbox 424 1561 560 1644; x_wconf 80' lang='lat' dir='ltr'><strong>adipisci</strong></span> <span class='ocrx_word' id='word_1_117' title='bbox 586 1566 633 1626; x_wconf 92' lang='lat' dir='ltr'><strong>rei</strong></span> <span class='ocrx_word' id='word_1_118' title='bbox 656 1561 901 1644; x_wconf 89' lang='lat' dir='ltr'><strong>possessionem.</strong></span> <span class='ocrx_word' id='word_1_119' title='bbox 941 1563 1049 1642; x_wconf 89' lang='lat' dir='ltr'><strong>itaque</strong></span> <span class='ocrx_word' id='word_1_120' title='bbox 1072 1562 1099 1622; x_wconf 93' lang='lat' dir='ltr'><strong>si</strong></span> <span class='ocrx_word' id='word_1_121' title='bbox 1122 1561 1195 1641; x_wconf 90' lang='lat' dir='ltr'><strong>quis</strong></span> <span class='ocrx_word' id='word_1_122' title='bbox 1218 1559 1357 1640; x_wconf 86' lang='lat' dir='ltr'><strong>adeptus</strong></span> 
     </span>
     <span class='ocr_line' id='line_1_15' title="bbox 265 1645 1352 1730; baseline -0.005 -18"><span class='ocrx_word' id='word_1_123' title='bbox 265 1650 499 1730; x_wconf 87' lang='lat' dir='ltr'><strong>possessionem</strong></span> <span class='ocrx_word' id='word_1_124' title='bbox 521 1649 673 1728; x_wconf 88' lang='lat' dir='ltr'><strong>amiserit,</strong></span> <span class='ocrx_word' id='word_1_125' title='bbox 699 1647 819 1712; x_wconf 91' lang='lat' dir='ltr'><strong>desinit</strong></span> <span class='ocrx_word' id='word_1_126' title='bbox 841 1649 871 1710; x_wconf 90' lang='lat' dir='ltr'><strong>ei</strong></span> <span class='ocrx_word' id='word_1_127' title='bbox 894 1647 928 1710; x_wconf 94' lang='lat' dir='ltr'><strong>id</strong></span> <span class='ocrx_word' id='word_1_128' title='bbox 950 1645 1151 1712; x_wconf 85' lang='lat' dir='ltr'><strong>interdictum</strong></span> <span class='ocrx_word' id='word_1_129' title='bbox 1173 1645 1253 1708; x_wconf 91' lang='lat' dir='ltr'><strong>utile</strong></span> <span class='ocrx_word' id='word_1_130' title='bbox 1271 1665 1352 1709; x_wconf 89' lang='lat' dir='ltr'><strong>esse.</strong></span> 
     </span>
    </p>

    <p class='ocr_par' dir='ltr' id='par_1_3' title="bbox 182 1731 1403 1816">
     <span class='ocr_line' id='line_1_16' title="bbox 182 1731 1403 1816; baseline -0.005 -20"><span class='ocrx_word' id='word_1_131' title='bbox 182 1737 241 1796; x_wconf 74' lang='lat' dir='ltr'><strong>lib</strong></span> <span class='ocrx_word' id='word_1_132' title='bbox 265 1737 423 1798; x_wconf 88' lang='lat' dir='ltr'><strong>Bonorum</strong></span> <span class='ocrx_word' id='word_1_133' title='bbox 446 1754 573 1816; x_wconf 89' lang='lat' dir='ltr'><strong>quoque</strong></span> <span class='ocrx_word' id='word_1_134' title='bbox 597 1735 732 1816; x_wconf 87' lang='lat' dir='ltr'><strong>emptori</strong></span> <span class='ocrx_word' id='word_1_135' title='bbox 756 1735 904 1797; x_wconf 90' lang='lat' dir='ltr'><strong>similiter</strong></span> <span class='ocrx_word' id='word_1_136' title='bbox 933 1735 1124 1815; x_wconf 80' lang='lat' dir='ltr'><strong>proponitur</strong></span> <span class='ocrx_word' id='word_1_137' title='bbox 1145 1731 1356 1794; x_wconf 86' lang='lat' dir='ltr'><strong>interdictum</strong></span> <span class='ocrx_word' id='word_1_138' title='bbox 1375 1743 1403 1790; x_wconf 81' lang='grc' dir='ltr'><strong>ιι</strong></span> 
     </span>
    </p>

    <p class='ocr_par' dir='ltr' id='par_1_4' title="bbox 184 1817 1357 2074">
     <span class='ocr_line' id='line_1_17' title="bbox 184 1817 1356 1903; baseline -0.002 -21"><span class='ocrx_word' id='word_1_139' title='bbox 184 1823 241 1883; x_wconf 83' lang='lat' dir='ltr'><strong>ilii</strong></span> <span class='ocrx_word' id='word_1_140' title='bbox 265 1821 351 1903; x_wconf 90' lang='lat' dir='ltr'><strong>quod</strong></span> <span class='ocrx_word' id='word_1_141' title='bbox 382 1819 512 1901; x_wconf 89' lang='lat' dir='ltr'><strong>quidam</strong></span> <span class='ocrx_word' id='word_1_142' title='bbox 538 1823 772 1902; x_wconf 89' lang='lat' dir='ltr'><strong>possessorium</strong></span> <span class='ocrx_word' id='word_1_143' title='bbox 799 1829 943 1884; x_wconf 63' lang='lat' dir='ltr'><strong>uocant„</strong></span> <span class='ocrx_word' id='word_1_144' title='bbox 971 1821 1049 1882; x_wconf 90' lang='lat' dir='ltr'><strong>ltem</strong></span> <span class='ocrx_word' id='word_1_145' title='bbox 1078 1819 1108 1880; x_wconf 89' lang='lat' dir='ltr'><strong>ei</strong></span> <span class='ocrx_word' id='word_1_146' title='bbox 1137 1817 1193 1899; x_wconf 92' lang='lat' dir='ltr'><strong>qui</strong></span> <span class='ocrx_word' id='word_1_147' title='bbox 1223 1817 1356 1899; x_wconf 91' lang='lat' dir='ltr'><strong>publica</strong></span> 
     </span>
     <span class='ocr_line' id='line_1_18' title="bbox 265 1903 1355 1987; baseline -0.003 -19"><span class='ocrx_word' id='word_1_148' title='bbox 265 1906 348 1970; x_wconf 93' lang='lat' dir='ltr'><strong>bona</strong></span> <span class='ocrx_word' id='word_1_149' title='bbox 379 1909 506 1987; x_wconf 89' lang='lat' dir='ltr'><strong>emerit,</strong></span> <span class='ocrx_word' id='word_1_150' title='bbox 541 1906 685 1970; x_wconf 89' lang='lat' dir='ltr'><strong>eiusdem</strong></span> <span class='ocrx_word' id='word_1_151' title='bbox 707 1905 901 1969; x_wconf 90' lang='lat' dir='ltr'><strong>condicionis</strong></span> <span class='ocrx_word' id='word_1_152' title='bbox 929 1905 1133 1968; x_wconf 86' lang='lat' dir='ltr'><strong>interdictum</strong></span> <span class='ocrx_word' id='word_1_153' title='bbox 1163 1903 1355 1985; x_wconf 90' lang='lat' dir='ltr'><strong>proponitur</strong></span> 
     </span>
     <span class='ocr_line' id='line_1_19' title="bbox 266 1989 1357 2074; baseline -0.003 -19"><span class='ocrx_word' id='word_1_154' title='bbox 266 1992 352 2074; x_wconf 93' lang='lat' dir='ltr'><strong>quod</strong></span> <span class='ocrx_word' id='word_1_155' title='bbox 373 1993 551 2074; x_wconf 91' lang='lat' dir='ltr'><strong>appellatur</strong></span> <span class='ocrx_word' id='word_1_156' title='bbox 573 1993 753 2072; x_wconf 89' lang='lat' dir='ltr'><strong>sectorium,</strong></span> <span class='ocrx_word' id='word_1_157' title='bbox 780 1991 866 2073; x_wconf 90' lang='lat' dir='ltr'><strong>qnod</strong></span> <span class='ocrx_word' id='word_1_158' title='bbox 889 2001 1026 2056; x_wconf 89' lang='lat' dir='ltr'><strong>sectores</strong></span> <span class='ocrx_word' id='word_1_159' title='bbox 1048 1999 1203 2054; x_wconf 90' lang='lat' dir='ltr'><strong>uocantur</strong></span> <span class='ocrx_word' id='word_1_160' title='bbox 1218 1989 1276 2072; x_wconf 87' lang='lat' dir='ltr'><strong>qui</strong></span> <span class='ocrx_word' id='word_1_161' title='bbox 1293 2009 1357 2071; x_wconf 92' lang='lat' dir='ltr'><strong>pu-</strong></span> 
     </span>
    </p>

    <p class='ocr_par' dir='ltr' id='par_1_5' title="bbox 183 2074 1402 2331">
     <span class='ocr_line' id='line_1_20' title="bbox 183 2074 1356 2160; baseline -0.003 -19"><span class='ocrx_word' id='word_1_162' title='bbox 183 2078 241 2141; x_wconf 78' lang='lat' dir='ltr'><strong>lli</strong></span> <span class='ocrx_word' id='word_1_163' title='bbox 266 2080 349 2142; x_wconf 92' lang='lat' dir='ltr'><strong>blice</strong></span> <span class='ocrx_word' id='word_1_164' title='bbox 372 2078 456 2140; x_wconf 90' lang='lat' dir='ltr'><strong>bona</strong></span> <span class='ocrx_word' id='word_1_165' title='bbox 473 2087 666 2141; x_wconf 86' lang='lat' dir='ltr'><strong>mercantur.</strong></span> <span class='ocrx_word' id='word_1_166' title='bbox 707 2077 914 2141; x_wconf 88' lang='lat' dir='ltr'><strong>Interdictum</strong></span> <span class='ocrx_word' id='word_1_167' title='bbox 928 2097 1056 2160; x_wconf 86' lang='lat' dir='ltr'><strong>quoque</strong></span> <span class='ocrx_word' id='word_1_168' title='bbox 1072 2074 1157 2158; x_wconf 92' lang='lat' dir='ltr'><strong>quod</strong></span> <span class='ocrx_word' id='word_1_169' title='bbox 1172 2075 1356 2157; x_wconf 90' lang='lat' dir='ltr'><strong>appellatur</strong></span> 
     </span>
     <span class='ocr_line' id='line_1_21' title="bbox 267 2159 1402 2247; baseline -0.006 -20"><span class='ocrx_word' id='word_1_170' title='bbox 267 2163 468 2246; x_wconf 83' lang='lat' dir='ltr'><strong>Saluianum,</strong></span> <span class='ocrx_word' id='word_1_171' title='bbox 502 2163 727 2246; x_wconf 77' lang='lat' dir='ltr'><strong>adipiscendae</strong></span> <span class='ocrx_word' id='word_1_172' title='bbox 756 2163 968 2246; x_wconf 87' lang='lat' dir='ltr'><strong>possessionis</strong></span> <span class='ocrx_word' id='word_1_173' title='bbox 992 2159 1119 2247; x_wconf 74' lang='lat' dir='ltr'><strong>(moso)</strong></span> <span class='ocrx_word' id='word_1_174' title='bbox 1147 2171 1355 2243; x_wconf 79' lang='lat' dir='ltr'><strong>conparatum</strong></span> <span class='ocrx_word' id='word_1_175' title='bbox 1374 2173 1402 2220; x_wconf 80' lang='grc' dir='ltr'><strong>ιι</strong></span> 
     </span>
     <span class='ocr_line' id='line_1_22' title="bbox 266 2248 1356 2331; baseline -0.004 -17"><span class='ocrx_word' id='word_1_176' title='bbox 266 2261 329 2331; x_wconf 89' lang='grc' dir='ltr'><strong>εει,</strong></span> <span class='ocrx_word' id='word_1_177' title='bbox 365 2269 464 2330; x_wconf 91' lang='lat' dir='ltr'><strong>eoque</strong></span> <span class='ocrx_word' id='word_1_178' title='bbox 493 2250 595 2314; x_wconf 90' lang='lat' dir='ltr'><strong>utitur</strong></span> <span class='ocrx_word' id='word_1_179' title='bbox 623 2250 771 2314; x_wconf 91' lang='lat' dir='ltr'><strong>dominus</strong></span> <span class='ocrx_word' id='word_1_180' title='bbox 797 2249 897 2316; x_wconf 81' lang='lat' dir='ltr'><strong>fundi¹</strong></span> <span class='ocrx_word' id='word_1_181' title='bbox 914 2249 954 2312; x_wconf 88' lang='lat' dir='ltr'><strong>de</strong></span> <span class='ocrx_word' id='word_1_182' title='bbox 977 2248 1077 2312; x_wconf 89' lang='lat' dir='ltr'><strong>rebus</strong></span> <span class='ocrx_word' id='word_1_183' title='bbox 1099 2248 1200 2310; x_wconf 90' lang='lat' dir='ltr'><strong>oolcni</strong></span> <span class='ocrx_word' id='word_1_184' title='bbox 1224 2249 1356 2328; x_wconf 80' lang='lat' dir='ltr'><strong>quasis</strong></span> 
     </span>
    </p>

    <p class='ocr_par' dir='ltr' id='par_1_6' title="bbox 182 2333 1479 2676">
     <span class='ocr_line' id='line_1_23' title="bbox 182 2333 1479 2460; baseline -0.003 -60"><span class='ocrx_word' id='word_1_185' title='bbox 182 2338 242 2400; x_wconf 78' lang='lat' dir='ltr'><strong>tls</strong></span> <span class='ocrx_word' id='word_1_186' title='bbox 263 2355 323 2418; x_wconf 85' lang='lat' dir='ltr'><strong>pro</strong></span> <span class='ocrx_word' id='word_1_187' title='bbox 345 2335 546 2399; x_wconf 88' lang='lat' dir='ltr'><strong>mercedibus</strong></span> <span class='ocrx_word' id='word_1_188' title='bbox 568 2336 661 2400; x_wconf 85' lang='lat' dir='ltr'><strong>fundi</strong></span> <span class='ocrx_word' id='word_1_189' title='bbox 682 2337 809 2420; x_wconf 78' lang='lat' dir='ltr'><strong>pignori</strong></span> <span class='ocrx_word' id='word_1_190' title='bbox 831 2337 954 2398; x_wconf 84' lang='lat' dir='ltr'><strong>futuras</strong></span> <span class='ocrx_word' id='word_1_191' title='bbox 976 2337 1163 2416; x_wconf 82' lang='lat' dir='ltr'><strong>pepigisset.</strong></span> <span class='ocrx_word' id='word_1_192' title='bbox 1199 2333 1358 2397; x_wconf 80' lang='lat' dir='ltr'><strong>Retinen-</strong></span> <span class='ocrx_word' id='word_1_193' title='bbox 1474 2351 1479 2460; x_wconf 72' lang='grc'>1</span> 
     </span>
     <span class='ocr_line' id='line_1_24' title="bbox 266 2419 1357 2504; baseline -0.005 -18"><span class='ocrx_word' id='word_1_194' title='bbox 266 2423 325 2486; x_wconf 90' lang='lat' dir='ltr'><strong>dae</strong></span> <span class='ocrx_word' id='word_1_195' title='bbox 355 2424 565 2504; x_wconf 89' lang='lat' dir='ltr'><strong>possessionis</strong></span> <span class='ocrx_word' id='word_1_196' title='bbox 596 2443 691 2487; x_wconf 89' lang='lat' dir='ltr'><strong>causa</strong></span> <span class='ocrx_word' id='word_1_197' title='bbox 720 2424 799 2486; x_wconf 90' lang='lat' dir='ltr'><strong>solet</strong></span> <span class='ocrx_word' id='word_1_198' title='bbox 826 2421 1032 2484; x_wconf 90' lang='lat' dir='ltr'><strong>interdictum</strong></span> <span class='ocrx_word' id='word_1_199' title='bbox 1061 2419 1170 2499; x_wconf 90' lang='lat' dir='ltr'><strong>reddi,</strong></span> <span class='ocrx_word' id='word_1_200' title='bbox 1208 2439 1283 2483; x_wconf 88' lang='lat' dir='ltr'><strong>cum</strong></span> <span class='ocrx_word' id='word_1_201' title='bbox 1316 2419 1357 2481; x_wconf 90' lang='lat' dir='ltr'><strong>ab</strong></span> 
     </span>
     <span class='ocr_line' id='line_1_25' title="bbox 266 2507 1352 2591; baseline -0.003 -20"><span class='ocrx_word' id='word_1_202' title='bbox 266 2519 401 2590; x_wconf 83' lang='lat' dir='ltr'><strong>utroque</strong></span> <span class='ocrx_word' id='word_1_203' title='bbox 431 2518 522 2589; x_wconf 92' lang='lat' dir='ltr'><strong>parte</strong></span> <span class='ocrx_word' id='word_1_204' title='bbox 545 2509 585 2572; x_wconf 91' lang='lat' dir='ltr'><strong>de</strong></span> <span class='ocrx_word' id='word_1_205' title='bbox 608 2509 802 2591; x_wconf 89' lang='lat' dir='ltr'><strong>proprietate</strong></span> <span class='ocrx_word' id='word_1_206' title='bbox 826 2509 961 2572; x_wconf 90' lang='lat' dir='ltr'><strong>alicuius</strong></span> <span class='ocrx_word' id='word_1_207' title='bbox 983 2509 1031 2570; x_wconf 89' lang='lat' dir='ltr'><strong>rei</strong></span> <span class='ocrx_word' id='word_1_208' title='bbox 1054 2507 1269 2570; x_wconf 89' lang='lat' dir='ltr'><strong>controuersia</strong></span> <span class='ocrx_word' id='word_1_209' title='bbox 1293 2515 1352 2585; x_wconf 89' lang='grc' dir='ltr'><strong>εει,</strong></span> 
     </span>
     <span class='ocr_line' id='line_1_26' title="bbox 266 2591 1404 2676; baseline -0.01 -18"><span class='ocrx_word' id='word_1_210' title='bbox 266 2605 298 2658; x_wconf 90' lang='grc' dir='ltr'><strong>ει</strong></span> <span class='ocrx_word' id='word_1_211' title='bbox 327 2603 401 2658; x_wconf 91' lang='lat' dir='ltr'><strong>ante</strong></span> <span class='ocrx_word' id='word_1_212' title='bbox 431 2595 613 2676; x_wconf 90' lang='lat' dir='ltr'><strong>quaeritur,</strong></span> <span class='ocrx_word' id='word_1_213' title='bbox 645 2605 718 2658; x_wconf 91' lang='lat' dir='ltr'><strong>nter</strong></span> <span class='ocrx_word' id='word_1_214' title='bbox 741 2615 782 2657; x_wconf 86' lang='lat' dir='ltr'><strong>ex</strong></span> <span class='ocrx_word' id='word_1_215' title='bbox 804 2594 1017 2676; x_wconf 80' lang='lat' dir='ltr'><strong>litigatoribus</strong></span> <span class='ocrx_word' id='word_1_216' title='bbox 1038 2591 1203 2674; x_wconf 90' lang='lat' dir='ltr'><strong>possidere</strong></span> <span class='ocrx_word' id='word_1_217' title='bbox 1227 2601 1259 2654; x_wconf 89' lang='lat' dir='ltr'><strong>et</strong></span> <span class='ocrx_word' id='word_1_218' title='bbox 1282 2601 1356 2654; x_wconf 91' lang='lat' dir='ltr'><strong>uter</strong></span> <span class='ocrx_word' id='word_1_219' title='bbox 1374 2602 1404 2648; x_wconf 78' lang='grc' dir='ltr'><strong>ιι</strong></span> 
     </span>
    </p>
   </div>
   <div class='ocr_carea' id='block_1_3' title="bbox 265 2713 317 2729">
    <p class='ocr_par' dir='ltr' id='par_1_7' title="bbox 265 2713 317 2729">
     <span class='ocr_line' id='line_1_27' title="bbox 265 2713 317 2729; baseline 0 0"><span class='ocrx_word' id='word_1_220' title='bbox 265 2713 317 2729; x_wconf 75' lang='grc' dir='ltr'><strong>ΛΝ</strong></span> 
     </span>
    </p>
   </div>
   <div class='ocr_carea' id='block_1_4' title="bbox 1477 961 1479 1004">
    <p class='ocr_par' dir='ltr' id='par_1_8' title="bbox 1477 961 1479 1004">
     <span class='ocr_line' id='line_1_28' title="bbox 1477 961 1479 970; baseline 0 0"><span class='ocrx_word' id='word_1_221' title='bbox 1477 961 1479 970; x_wconf 79' lang='lat' dir='ltr'><strong>t</strong></span> 
     </span>
     <span class='ocr_line' id='line_1_29' title="bbox 1478 997 1479 1004; baseline 0 0"><span class='ocrx_word' id='word_1_222' title='bbox 1478 997 1479 1004; x_wconf 58' lang='lat' dir='ltr'><strong>r</strong></span> 
     </span>
    </p>
   </div>
   <div class='ocr_carea' id='block_1_5' title="bbox 267 2744 1479 2916">
    <p class='ocr_par' dir='ltr' id='par_1_9' title="bbox 267 2744 1479 2916">
     <span class='ocr_line' id='line_1_30' title="bbox 318 2744 1479 2916; baseline -0.001 -102"><span class='ocrx_word' id='word_1_223' title='bbox 318 2764 413 2885; x_wconf 56' lang='grc'><strong>1116,</strong></span> <span class='ocrx_word' id='word_1_224' title='bbox 429 2744 657 2884; x_wconf 51' lang='grc' dir='ltr'><strong>ιῗὲεἱ--ιηειι</strong></span> <span class='ocrx_word' id='word_1_225' title='bbox 676 2769 746 2828; x_wconf 62' lang='lat' dir='ltr'><strong>aaa</strong></span> <span class='ocrx_word' id='word_1_226' title='bbox 770 2765 782 2830; x_wconf 89' lang='grc'>1</span> <span class='ocrx_word' id='word_1_227' title='bbox 804 2765 878 2831; x_wconf 72' lang='lat' dir='ltr'><strong>§aar</strong></span> <span class='ocrx_word' id='word_1_228' title='bbox 899 2785 930 2808; x_wconf 90' lang='lat'><strong>.-.</strong></span> <span class='ocrx_word' id='word_1_229' title='bbox 949 2765 1013 2816; x_wconf 79' lang='lat' dir='ltr'><strong>lust.</strong></span> <span class='ocrx_word' id='word_1_230' title='bbox 1030 2766 1054 2825; x_wconf 88' lang='grc' dir='ltr'><strong>ι,</strong></span> <span class='ocrx_word' id='word_1_231' title='bbox 1071 2765 1142 2825; x_wconf 63' lang='grc' dir='ltr'><strong>ιιι</strong></span> <span class='ocrx_word' id='word_1_232' title='bbox 1165 2763 1177 2826; x_wconf 89' lang='grc'>1</span> <span class='ocrx_word' id='word_1_233' title='bbox 1198 2761 1274 2827; x_wconf 73' lang='lat' dir='ltr'><strong>§ris</strong></span> <span class='ocrx_word' id='word_1_234' title='bbox 1299 2762 1356 2814; x_wconf 80' lang='lat' dir='ltr'><strong>fere</strong></span> <span class='ocrx_word' id='word_1_235' title='bbox 1474 2799 1479 2916; x_wconf 87' lang='grc'><strong>,</strong></span> 
     </span>
     <span class='ocr_line' id='line_1_31' title="bbox 267 2848 522 2896; baseline 0.004 -11"><span class='ocrx_word' id='word_1_236' title='bbox 267 2856 299 2877; x_wconf 93' lang='lat'><em>=</em></span> <span class='ocrx_word' id='word_1_237' title='bbox 331 2848 383 2886; x_wconf 91' lang='lat' dir='ltr'><strong>ns.</strong></span> <span class='ocrx_word' id='word_1_238' title='bbox 417 2874 423 2896; x_wconf 91' lang='lat'><strong>,</strong></span> <span class='ocrx_word' id='word_1_239' title='bbox 475 2871 481 2892; x_wconf 89' lang='lat'>‚</span> <span class='ocrx_word' id='word_1_240' title='bbox 517 2873 522 2886; x_wconf 91' lang='lat'><strong>.</strong></span> 
     </span>
    </p>
   </div>
   <div class='ocr_carea' id='block_1_6' title="bbox 1302 2932 1355 2948">
    <p class='ocr_par' dir='ltr' id='par_1_10' title="bbox 1302 2932 1355 2948">
     <span class='ocr_line' id='line_1_32' title="bbox 1302 2932 1355 2948; baseline 0 0"><span class='ocrx_word' id='word_1_241' title='bbox 1302 2932 1355 2948; x_wconf 62' lang='grc' dir='ltr'><strong>ΛΝ</strong></span> 
     </span>
    </p>
   </div>
   <div class='ocr_carea' id='block_1_7' title="bbox 263 2985 1358 4208">
    <p class='ocr_par' dir='ltr' id='par_1_11' title="bbox 263 2985 1358 4206">
     <span class='ocr_line' id='line_1_33' title="bbox 342 2985 1358 3052; baseline 0 -16"><span class='ocrx_word' id='word_1_242' title='bbox 342 2993 352 3036; x_wconf 95' lang='grc'><strong>6</strong></span> <span class='ocrx_word' id='word_1_243' title='bbox 375 2988 543 3052; x_wconf 86' lang='lat' dir='ltr'><strong>retinendae]</strong></span> <span class='ocrx_word' id='word_1_244' title='bbox 568 2989 727 3039; x_wconf 83' lang='lat' dir='ltr'><strong>retinendae</strong></span> <span class='ocrx_word' id='word_1_245' title='bbox 751 2988 932 3052; x_wconf 88' lang='lat' dir='ltr'><strong>possessionis</strong></span> <span class='ocrx_word' id='word_1_246' title='bbox 951 3000 1033 3038; x_wconf 90' lang='lat' dir='ltr'><strong>causa</strong></span> <span class='ocrx_word' id='word_1_247' title='bbox 1052 2985 1228 3036; x_wconf 87' lang='lat' dir='ltr'><strong>interdictum</strong></span> <span class='ocrx_word' id='word_1_248' title='bbox 1253 2987 1358 3047; x_wconf 76' lang='lat' dir='ltr'><strong>(deletis</strong></span> 
     </span>
     <span class='ocr_line' id='line_1_34' title="bbox 267 3055 1357 3124; baseline -0.004 -16"><span class='ocrx_word' id='word_1_249' title='bbox 267 3063 353 3108; x_wconf 81' lang='lat' dir='ltr'><strong>tomen</strong></span> <span class='ocrx_word' id='word_1_250' title='bbox 371 3057 454 3106; x_wconf 84' lang='lat' dir='ltr'><strong>tribus</strong></span> <span class='ocrx_word' id='word_1_251' title='bbox 471 3058 568 3107; x_wconf 74' lang='lat' dir='ltr'><strong>adimis</strong></span> <span class='ocrx_word' id='word_1_252' title='bbox 584 3058 727 3124; x_wconf 70' lang='lat' dir='ltr'><strong>uocabulis)</strong></span> <span class='ocrx_word' id='word_1_253' title='bbox 748 3057 782 3107; x_wconf 77' lang='lat' dir='ltr'><strong>cn</strong></span> <span class='ocrx_word' id='word_1_254' title='bbox 800 3059 811 3120; x_wconf 97' lang='grc'><strong>11</strong></span> <span class='ocrx_word' id='word_1_255' title='bbox 830 3061 844 3107; x_wconf 90' lang='grc'><strong><em>2</em></strong></span> <span class='ocrx_word' id='word_1_256' title='bbox 864 3055 1089 3107; x_wconf 88' lang='lat' dir='ltr'><strong>accommodatur</strong></span> <span class='ocrx_word' id='word_1_257' title='bbox 1101 3057 1176 3116; x_wconf 75' lang='lat' dir='ltr'><strong>lest,</strong></span> <span class='ocrx_word' id='word_1_258' title='bbox 1195 3067 1357 3105; x_wconf 88' lang='lat' dir='ltr'><strong>accommo-</strong></span> 
     </span>
     <span class='ocr_line' id='line_1_35' title="bbox 266 3123 1356 3189; baseline -0.003 -13"><span class='ocrx_word' id='word_1_259' title='bbox 266 3127 381 3176; x_wconf 90' lang='lat' dir='ltr'><strong>daturur</strong></span> <span class='ocrx_word' id='word_1_260' title='bbox 402 3123 445 3184; x_wconf 80' lang='lat'><strong>0¹¹,</strong></span> <span class='ocrx_word' id='word_1_261' title='bbox 466 3125 532 3188; x_wconf 79' lang='lat' dir='ltr'><strong>conf.</strong></span> <span class='ocrx_word' id='word_1_262' title='bbox 556 3125 587 3175; x_wconf 64' lang='grc' dir='ltr'><strong>σι</strong></span> <span class='ocrx_word' id='word_1_263' title='bbox 602 3138 665 3188; x_wconf 72' lang='lat' dir='ltr'><strong>pop.</strong></span> <span class='ocrx_word' id='word_1_264' title='bbox 677 3129 729 3176; x_wconf 78' lang='grc'><strong>666</strong></span> <span class='ocrx_word' id='word_1_265' title='bbox 746 3139 816 3177; x_wconf 77' lang='lat' dir='ltr'><strong>cerr.</strong></span> <span class='ocrx_word' id='word_1_266' title='bbox 829 3132 862 3180; x_wconf 82' lang='grc'><strong>26</strong></span> <span class='ocrx_word' id='word_1_267' title='bbox 880 3125 891 3188; x_wconf 95' lang='grc'><strong>11</strong></span> <span class='ocrx_word' id='word_1_268' title='bbox 909 3127 922 3174; x_wconf 77' lang='lat' dir='ltr'><strong>i</strong></span> <span class='ocrx_word' id='word_1_269' title='bbox 941 3127 1055 3189; x_wconf 90' lang='lat' dir='ltr'><strong>eiusque</strong></span> <span class='ocrx_word' id='word_1_270' title='bbox 1073 3125 1117 3175; x_wconf 91' lang='lat' dir='ltr'><strong>uis</strong></span> <span class='ocrx_word' id='word_1_271' title='bbox 1137 3125 1210 3184; x_wconf 81' lang='lat' dir='ltr'><strong>lost,</strong></span> <span class='ocrx_word' id='word_1_272' title='bbox 1232 3124 1356 3188; x_wconf 83' lang='lat' dir='ltr'><strong>eiusqnis</strong></span> 
     </span>
     <span class='ocr_line' id='line_1_36' title="bbox 270 3190 1357 3262; baseline -0.004 -16"><span class='ocrx_word' id='word_1_273' title='bbox 270 3194 298 3254; x_wconf 82' lang='lat' dir='ltr'><strong>G,</strong></span> <span class='ocrx_word' id='word_1_274' title='bbox 319 3193 385 3256; x_wconf 72' lang='lat' dir='ltr'><strong>cons.</strong></span> <span class='ocrx_word' id='word_1_275' title='bbox 410 3190 730 3262; x_wconf 61' lang='lat' dir='ltr'><strong>compescuerat</strong></span> <span class='ocrx_word' id='word_1_276' title='bbox 748 3197 814 3244; x_wconf 82' lang='grc'><strong>6-6</strong></span> <span class='ocrx_word' id='word_1_277' title='bbox 834 3197 949 3259; x_wconf 87' lang='lat' dir='ltr'><strong>quisque</strong></span> <span class='ocrx_word' id='word_1_278' title='bbox 967 3208 1000 3244; x_wconf 82' lang='lat' dir='ltr'><strong>ex</strong></span> <span class='ocrx_word' id='word_1_279' title='bbox 1022 3195 1064 3244; x_wconf 87' lang='lat' dir='ltr'><strong>his</strong></span> <span class='ocrx_word' id='word_1_280' title='bbox 1083 3192 1163 3244; x_wconf 93' lang='lat' dir='ltr'><strong>bonis</strong></span> <span class='ocrx_word' id='word_1_281' title='bbox 1184 3191 1228 3252; x_wconf 62' lang='grc' dir='ltr'><strong>ΟΠ,</strong></span> <span class='ocrx_word' id='word_1_282' title='bbox 1253 3205 1288 3242; x_wconf 85' lang='lat' dir='ltr'><strong>ax</strong></span> <span class='ocrx_word' id='word_1_283' title='bbox 1314 3193 1357 3242; x_wconf 90' lang='lat' dir='ltr'><strong>his</strong></span> 
     </span>
     <span class='ocr_line' id='line_1_37' title="bbox 266 3258 1358 3326; baseline -0.001 -14"><span class='ocrx_word' id='word_1_284' title='bbox 266 3263 345 3313; x_wconf 90' lang='lat' dir='ltr'><strong>bonis</strong></span> <span class='ocrx_word' id='word_1_285' title='bbox 364 3264 479 3326; x_wconf 91' lang='lat' dir='ltr'><strong>quisque</strong></span> <span class='ocrx_word' id='word_1_286' title='bbox 498 3263 561 3314; x_wconf 81' lang='lat' dir='ltr'><strong>lost.</strong></span> <span class='ocrx_word' id='word_1_287' title='bbox 580 3262 591 3326; x_wconf 96' lang='grc'><strong>11</strong></span> <span class='ocrx_word' id='word_1_288' title='bbox 609 3266 624 3312; x_wconf 79' lang='grc'>5</span> <span class='ocrx_word' id='word_1_289' title='bbox 644 3265 685 3313; x_wconf 91' lang='grc' dir='ltr'><strong>εει</strong></span> <span class='ocrx_word' id='word_1_290' title='bbox 698 3265 772 3324; x_wconf 83' lang='lat' dir='ltr'><strong>lost,</strong></span> <span class='ocrx_word' id='word_1_291' title='bbox 793 3265 834 3314; x_wconf 89' lang='grc' dir='ltr'><strong>εει</strong></span> <span class='ocrx_word' id='word_1_292' title='bbox 852 3265 874 3314; x_wconf 91' lang='lat' dir='ltr'><strong>si</strong></span> <span class='ocrx_word' id='word_1_293' title='bbox 891 3263 934 3324; x_wconf 69' lang='lat' dir='ltr'><strong>Cn,</strong></span> <span class='ocrx_word' id='word_1_294' title='bbox 955 3263 1022 3326; x_wconf 74' lang='lat' dir='ltr'><strong>coes.</strong></span> <span class='ocrx_word' id='word_1_295' title='bbox 1039 3261 1072 3313; x_wconf 72' lang='lat'><strong>0⁸</strong></span> <span class='ocrx_word' id='word_1_296' title='bbox 1086 3275 1149 3325; x_wconf 71' lang='lat' dir='ltr'><strong>poc.</strong></span> <span class='ocrx_word' id='word_1_297' title='bbox 1163 3266 1215 3316; x_wconf 89' lang='grc'><strong>266</strong></span> <span class='ocrx_word' id='word_1_298' title='bbox 1232 3275 1305 3312; x_wconf 80' lang='lat' dir='ltr'><strong>cers.</strong></span> <span class='ocrx_word' id='word_1_299' title='bbox 1320 3258 1358 3326; x_wconf 86' lang='grc'><strong>711</strong></span> 
     </span>
     <span class='ocr_line' id='line_1_38' title="bbox 266 3328 1354 3399; baseline -0.002 -17"><span class='ocrx_word' id='word_1_300' title='bbox 266 3337 282 3382; x_wconf 89' lang='grc'><strong><em>6</em></strong></span> <span class='ocrx_word' id='word_1_301' title='bbox 300 3331 440 3397; x_wconf 88' lang='lat' dir='ltr'><strong>possideat</strong></span> <span class='ocrx_word' id='word_1_302' title='bbox 457 3331 531 3395; x_wconf 79' lang='lat' dir='ltr'><strong>lost,</strong></span> <span class='ocrx_word' id='word_1_303' title='bbox 550 3331 705 3397; x_wconf 90' lang='lat' dir='ltr'><strong>possideret</strong></span> <span class='ocrx_word' id='word_1_304' title='bbox 720 3332 755 3384; x_wconf 68' lang='grc' dir='ltr'><strong>σε</strong></span> <span class='ocrx_word' id='word_1_305' title='bbox 771 3328 782 3399; x_wconf 91' lang='grc'><strong>11</strong></span> <span class='ocrx_word' id='word_1_306' title='bbox 800 3335 813 3382; x_wconf 83' lang='lat'>8</span> <span class='ocrx_word' id='word_1_307' title='bbox 833 3333 913 3382; x_wconf 89' lang='lat' dir='ltr'><strong>heres</strong></span> <span class='ocrx_word' id='word_1_308' title='bbox 932 3331 981 3395; x_wconf 89' lang='lat' dir='ltr'><strong>est]</strong></span> <span class='ocrx_word' id='word_1_309' title='bbox 1001 3331 1068 3394; x_wconf 77' lang='lat' dir='ltr'><strong>conf.</strong></span> <span class='ocrx_word' id='word_1_310' title='bbox 1087 3330 1119 3381; x_wconf 73' lang='lat'><strong>0⁵</strong></span> <span class='ocrx_word' id='word_1_311' title='bbox 1134 3343 1197 3393; x_wconf 71' lang='lat' dir='ltr'><strong>pop.</strong></span> <span class='ocrx_word' id='word_1_312' title='bbox 1211 3331 1263 3383; x_wconf 88' lang='grc'><strong>276</strong></span> <span class='ocrx_word' id='word_1_313' title='bbox 1282 3343 1354 3380; x_wconf 75' lang='lat' dir='ltr'><strong>cers.</strong></span> 
     </span>
     <span class='ocr_line' id='line_1_39' title="bbox 269 3395 1357 3465; baseline 0 -17"><span class='ocrx_word' id='word_1_314' title='bbox 269 3406 299 3451; x_wconf 92' lang='grc'><strong>66</strong></span> <span class='ocrx_word' id='word_1_315' title='bbox 318 3401 329 3464; x_wconf 95' lang='grc'><strong>11</strong></span> <span class='ocrx_word' id='word_1_316' title='bbox 347 3413 430 3464; x_wconf 86' lang='lat' dir='ltr'><strong>quam</strong></span> <span class='ocrx_word' id='word_1_317' title='bbox 451 3401 588 3460; x_wconf 80' lang='lat' dir='ltr'><strong>Goeselreo,</strong></span> <span class='ocrx_word' id='word_1_318' title='bbox 609 3414 679 3465; x_wconf 89' lang='lat' dir='ltr'><strong>quae</strong></span> <span class='ocrx_word' id='word_1_319' title='bbox 701 3401 745 3465; x_wconf 79' lang='lat'><strong>0¹¹,</strong></span> <span class='ocrx_word' id='word_1_320' title='bbox 773 3401 841 3464; x_wconf 67' lang='lat' dir='ltr'><strong>coos.</strong></span> <span class='ocrx_word' id='word_1_321' title='bbox 864 3395 1214 3464; x_wconf 58' lang='lat' dir='ltr'><strong>succenseamus</strong></span> <span class='ocrx_word' id='word_1_322' title='bbox 1234 3398 1357 3462; x_wconf 84' lang='lat' dir='ltr'><strong>aliquam</strong></span> 
     </span>
     <span class='ocr_line' id='line_1_40' title="bbox 269 3468 1354 3534; baseline -0.002 -14"><span class='ocrx_word' id='word_1_323' title='bbox 269 3469 408 3530; x_wconf 82' lang='lat' dir='ltr'><strong>Goescbeo,</strong></span> <span class='ocrx_word' id='word_1_324' title='bbox 428 3469 535 3534; x_wconf 87' lang='lat' dir='ltr'><strong>aliquae</strong></span> <span class='ocrx_word' id='word_1_325' title='bbox 549 3469 594 3534; x_wconf 70' lang='lat' dir='ltr'><strong>Cn,</strong></span> <span class='ocrx_word' id='word_1_326' title='bbox 615 3469 681 3532; x_wconf 82' lang='lat' dir='ltr'><strong>coes.</strong></span> <span class='ocrx_word' id='word_1_327' title='bbox 697 3469 729 3522; x_wconf 74' lang='lat' dir='ltr'><strong>Ca</strong></span> <span class='ocrx_word' id='word_1_328' title='bbox 744 3483 808 3534; x_wconf 69' lang='lat' dir='ltr'><strong>poc.</strong></span> <span class='ocrx_word' id='word_1_329' title='bbox 820 3475 873 3525; x_wconf 84' lang='grc'><strong>262</strong></span> <span class='ocrx_word' id='word_1_330' title='bbox 889 3474 990 3520; x_wconf 57' lang='lat' dir='ltr'><strong>uersa</strong></span> <span class='ocrx_word' id='word_1_331' title='bbox 1007 3469 1019 3534; x_wconf 93' lang='grc'><strong>11</strong></span> <span class='ocrx_word' id='word_1_332' title='bbox 1038 3473 1069 3518; x_wconf 90' lang='grc'><strong>62</strong></span> <span class='ocrx_word' id='word_1_333' title='bbox 1089 3469 1265 3518; x_wconf 86' lang='lat' dir='ltr'><strong>interdictum</strong></span> <span class='ocrx_word' id='word_1_334' title='bbox 1280 3468 1354 3530; x_wconf 80' lang='lat' dir='ltr'><strong>lost,</strong></span> 
     </span>
     <span class='ocr_line' id='line_1_41' title="bbox 267 3536 1358 3603; baseline -0.001 -16"><span class='ocrx_word' id='word_1_335' title='bbox 267 3550 317 3588; x_wconf 85' lang='lat' dir='ltr'><strong>om.</strong></span> <span class='ocrx_word' id='word_1_336' title='bbox 345 3537 395 3602; x_wconf 78' lang='grc'><strong>011</strong></span> <span class='ocrx_word' id='word_1_337' title='bbox 422 3539 485 3602; x_wconf 90' lang='lat' dir='ltr'><strong>quia</strong></span> <span class='ocrx_word' id='word_1_338' title='bbox 506 3539 580 3602; x_wconf 78' lang='lat' dir='ltr'><strong>lest,</strong></span> <span class='ocrx_word' id='word_1_339' title='bbox 607 3553 626 3603; x_wconf 87' lang='lat' dir='ltr'>q</span> <span class='ocrx_word' id='word_1_340' title='bbox 652 3538 679 3600; x_wconf 86' lang='lat' dir='ltr'><strong>C,</strong></span> <span class='ocrx_word' id='word_1_341' title='bbox 710 3540 775 3602; x_wconf 76' lang='lat' dir='ltr'><strong>cont.</strong></span> <span class='ocrx_word' id='word_1_342' title='bbox 799 3538 830 3590; x_wconf 63' lang='lat' dir='ltr'><strong>Cb</strong></span> <span class='ocrx_word' id='word_1_343' title='bbox 847 3552 911 3602; x_wconf 72' lang='lat' dir='ltr'><strong>poc.</strong></span> <span class='ocrx_word' id='word_1_344' title='bbox 929 3539 981 3592; x_wconf 79' lang='grc'><strong>265</strong></span> <span class='ocrx_word' id='word_1_345' title='bbox 1001 3551 1070 3588; x_wconf 77' lang='lat' dir='ltr'><strong>cerr.</strong></span> <span class='ocrx_word' id='word_1_346' title='bbox 1093 3538 1157 3599; x_wconf 94' lang='grc'><strong><em>6611</em></strong></span> <span class='ocrx_word' id='word_1_347' title='bbox 1186 3539 1216 3585; x_wconf 80' lang='grc'><strong>13</strong></span> <span class='ocrx_word' id='word_1_348' title='bbox 1239 3536 1358 3602; x_wconf 85' lang='lat' dir='ltr'><strong>adipisci</strong></span> 
     </span>
     <span class='ocr_line' id='line_1_42' title="bbox 267 3604 1357 3671; baseline -0.002 -15"><span class='ocrx_word' id='word_1_349' title='bbox 267 3609 341 3669; x_wconf 79' lang='lat' dir='ltr'><strong>lost,</strong></span> <span class='ocrx_word' id='word_1_350' title='bbox 363 3607 483 3670; x_wconf 90' lang='lat' dir='ltr'><strong>adipisce</strong></span> <span class='ocrx_word' id='word_1_351' title='bbox 505 3607 524 3657; x_wconf 84' lang='lat' dir='ltr'><em>C</em></span> <span class='ocrx_word' id='word_1_352' title='bbox 550 3609 561 3671; x_wconf 92' lang='grc'><strong>11</strong></span> <span class='ocrx_word' id='word_1_353' title='bbox 584 3610 615 3657; x_wconf 87' lang='grc'><strong>66</strong></span> <span class='ocrx_word' id='word_1_354' title='bbox 638 3609 760 3659; x_wconf 88' lang='lat' dir='ltr'><strong>amiserit</strong></span> <span class='ocrx_word' id='word_1_355' title='bbox 785 3607 816 3668; x_wconf 82' lang='lat' dir='ltr'><strong>G,</strong></span> <span class='ocrx_word' id='word_1_356' title='bbox 838 3608 960 3657; x_wconf 87' lang='lat' dir='ltr'><strong>amiserit</strong></span> <span class='ocrx_word' id='word_1_357' title='bbox 981 3619 1041 3656; x_wconf 90' lang='lat' dir='ltr'><strong>eam</strong></span> <span class='ocrx_word' id='word_1_358' title='bbox 1064 3607 1126 3657; x_wconf 80' lang='lat' dir='ltr'><strong>last.</strong></span> <span class='ocrx_word' id='word_1_359' title='bbox 1146 3607 1157 3670; x_wconf 97' lang='grc'><strong>11</strong></span> <span class='ocrx_word' id='word_1_360' title='bbox 1179 3604 1357 3655; x_wconf 84' lang='lat' dir='ltr'><strong>interdictum</strong></span> 
     </span>
     <span class='ocr_line' id='line_1_43' title="bbox 268 3671 1358 3742; baseline -0.002 -17"><span class='ocrx_word' id='word_1_361' title='bbox 268 3677 342 3738; x_wconf 80' lang='lat' dir='ltr'><strong>lost,</strong></span> <span class='ocrx_word' id='word_1_362' title='bbox 368 3675 482 3725; x_wconf 89' lang='lat' dir='ltr'><strong>idictum</strong></span> <span class='ocrx_word' id='word_1_363' title='bbox 504 3676 532 3736; x_wconf 85' lang='lat' dir='ltr'><strong>G,</strong></span> <span class='ocrx_word' id='word_1_364' title='bbox 552 3677 618 3740; x_wconf 74' lang='lat' dir='ltr'><strong>conf.</strong></span> <span class='ocrx_word' id='word_1_365' title='bbox 643 3676 675 3728; x_wconf 70' lang='lat'><strong>0²</strong></span> <span class='ocrx_word' id='word_1_366' title='bbox 689 3691 753 3741; x_wconf 70' lang='lat' dir='ltr'><strong>poa.</strong></span> <span class='ocrx_word' id='word_1_367' title='bbox 767 3679 819 3732; x_wconf 87' lang='grc'><strong>272</strong></span> <span class='ocrx_word' id='word_1_368' title='bbox 836 3681 934 3726; x_wconf 72' lang='lat' dir='ltr'><strong>cerci</strong></span> <span class='ocrx_word' id='word_1_369' title='bbox 958 3671 968 3742; x_wconf 95' lang='grc'><strong>11</strong></span> <span class='ocrx_word' id='word_1_370' title='bbox 991 3679 1022 3725; x_wconf 81' lang='grc'><strong>68</strong></span> <span class='ocrx_word' id='word_1_371' title='bbox 1043 3688 1094 3737; x_wconf 87' lang='lat' dir='ltr'><strong>pro</strong></span> <span class='ocrx_word' id='word_1_372' title='bbox 1111 3676 1193 3726; x_wconf 84' lang='lat' dir='ltr'><strong>altero</strong></span> <span class='ocrx_word' id='word_1_373' title='bbox 1211 3674 1289 3738; x_wconf 89' lang='lat' dir='ltr'><strong>quod</strong></span> <span class='ocrx_word' id='word_1_374' title='bbox 1311 3676 1358 3736; x_wconf 79' lang='lat' dir='ltr'><strong>(stc</strong></span> 
     </span>
     <span class='ocr_line' id='line_1_44' title="bbox 269 3741 1357 3810; baseline -0.003 -15"><span class='ocrx_word' id='word_1_375' title='bbox 269 3743 315 3805; x_wconf 62' lang='grc' dir='ltr'><strong>ΟΠ)</strong></span> <span class='ocrx_word' id='word_1_376' title='bbox 335 3749 454 3806; x_wconf 75' lang='lat' dir='ltr'><strong>capectes</strong></span> <span class='ocrx_word' id='word_1_377' title='bbox 472 3746 545 3808; x_wconf 88' lang='lat' dir='ltr'><strong>quia,</strong></span> <span class='ocrx_word' id='word_1_378' title='bbox 571 3746 638 3808; x_wconf 73' lang='lat' dir='ltr'><strong>coos.</strong></span> <span class='ocrx_word' id='word_1_379' title='bbox 662 3745 694 3797; x_wconf 71' lang='lat'><strong>6³</strong></span> <span class='ocrx_word' id='word_1_380' title='bbox 708 3761 771 3810; x_wconf 71' lang='lat' dir='ltr'><strong>pop.</strong></span> <span class='ocrx_word' id='word_1_381' title='bbox 786 3749 838 3800; x_wconf 82' lang='grc'><strong>266</strong></span> <span class='ocrx_word' id='word_1_382' title='bbox 854 3758 924 3795; x_wconf 83' lang='lat' dir='ltr'><strong>cers.</strong></span> <span class='ocrx_word' id='word_1_383' title='bbox 939 3749 970 3796; x_wconf 92' lang='grc'><strong>66</strong></span> <span class='ocrx_word' id='word_1_384' title='bbox 991 3741 1001 3810; x_wconf 89' lang='grc'><strong>11</strong></span> <span class='ocrx_word' id='word_1_385' title='bbox 1027 3748 1057 3793; x_wconf 82' lang='grc'><strong>19</strong></span> <span class='ocrx_word' id='word_1_386' title='bbox 1073 3749 1132 3806; x_wconf 79' lang='lat' dir='ltr'><strong>post</strong></span> <span class='ocrx_word' id='word_1_387' title='bbox 1148 3745 1313 3794; x_wconf 85' lang='lat' dir='ltr'><strong>mercantur</strong></span> <span class='ocrx_word' id='word_1_388' title='bbox 1330 3746 1357 3793; x_wconf 80' lang='lat' dir='ltr'><strong>io</strong></span> 
     </span>
     <span class='ocr_line' id='line_1_45' title="bbox 272 3809 1358 3878; baseline -0.004 -12"><span class='ocrx_word' id='word_1_389' title='bbox 272 3814 307 3866; x_wconf 80' lang='grc' dir='ltr'><strong>0Ιι</strong></span> <span class='ocrx_word' id='word_1_390' title='bbox 328 3825 378 3875; x_wconf 77' lang='lat' dir='ltr'><strong>per</strong></span> <span class='ocrx_word' id='word_1_391' title='bbox 402 3825 518 3862; x_wconf 84' lang='lat' dir='ltr'><strong>errorem</strong></span> <span class='ocrx_word' id='word_1_392' title='bbox 539 3817 647 3876; x_wconf 78' lang='lat' dir='ltr'><strong>repento</strong></span> <span class='ocrx_word' id='word_1_393' title='bbox 670 3821 731 3866; x_wconf 82' lang='lat' dir='ltr'><strong>suot</strong></span> <span class='ocrx_word' id='word_1_394' title='bbox 757 3815 839 3866; x_wconf 83' lang='lat' dir='ltr'><strong>uerbo</strong></span> <span class='ocrx_word' id='word_1_395' title='bbox 862 3815 909 3877; x_wconf 90' lang='lat' dir='ltr'><strong>qui</strong></span> <span class='ocrx_word' id='word_1_396' title='bbox 931 3812 1042 3878; x_wconf 90' lang='lat' dir='ltr'><strong>publice</strong></span> <span class='ocrx_word' id='word_1_397' title='bbox 1064 3827 1137 3864; x_wconf 85' lang='lat' dir='ltr'><strong>nona</strong></span> <span class='ocrx_word' id='word_1_398' title='bbox 1164 3814 1327 3862; x_wconf 89' lang='lat' dir='ltr'><strong>mercantur</strong></span> <span class='ocrx_word' id='word_1_399' title='bbox 1349 3809 1358 3876; x_wconf 95' lang='grc'><strong>11</strong></span> 
     </span>
     <span class='ocr_line' id='line_1_46' title="bbox 268 3879 1357 3948; baseline -0.002 -17"><span class='ocrx_word' id='word_1_400' title='bbox 268 3887 299 3931; x_wconf 91' lang='grc'><strong>26</strong></span> <span class='ocrx_word' id='word_1_401' title='bbox 324 3881 517 3946; x_wconf 87' lang='lat' dir='ltr'><strong>adipiscendae</strong></span> <span class='ocrx_word' id='word_1_402' title='bbox 541 3883 612 3944; x_wconf 80' lang='lat' dir='ltr'><strong>lost,</strong></span> <span class='ocrx_word' id='word_1_403' title='bbox 638 3883 801 3948; x_wconf 86' lang='lat' dir='ltr'><strong>apiscendae</strong></span> <span class='ocrx_word' id='word_1_404' title='bbox 828 3883 848 3934; x_wconf 82' lang='lat' dir='ltr'><em>C</em></span> <span class='ocrx_word' id='word_1_405' title='bbox 870 3883 881 3946; x_wconf 93' lang='grc'><strong>11</strong></span> <span class='ocrx_word' id='word_1_406' title='bbox 905 3895 988 3933; x_wconf 87' lang='lat' dir='ltr'><strong>causa</strong></span> <span class='ocrx_word' id='word_1_407' title='bbox 1006 3883 1080 3942; x_wconf 79' lang='lat' dir='ltr'><strong>lest,</strong></span> <span class='ocrx_word' id='word_1_408' title='bbox 1105 3894 1154 3931; x_wconf 84' lang='lat' dir='ltr'><strong>om.</strong></span> <span class='ocrx_word' id='word_1_409' title='bbox 1179 3881 1207 3943; x_wconf 84' lang='lat' dir='ltr'><strong>C,</strong></span> <span class='ocrx_word' id='word_1_410' title='bbox 1232 3880 1302 3944; x_wconf 80' lang='lat' dir='ltr'><strong>cons.</strong></span> <span class='ocrx_word' id='word_1_411' title='bbox 1326 3879 1357 3930; x_wconf 79' lang='lat'><strong>0⁸</strong></span> 
     </span>
     <span class='ocr_line' id='line_1_47' title="bbox 263 3948 1356 4018; baseline -0.003 -17"><span class='ocrx_word' id='word_1_412' title='bbox 263 3965 326 4016; x_wconf 67' lang='lat' dir='ltr'><strong>pay.</strong></span> <span class='ocrx_word' id='word_1_413' title='bbox 340 3957 391 4005; x_wconf 83' lang='grc'><strong>266</strong></span> <span class='ocrx_word' id='word_1_414' title='bbox 409 3956 509 4000; x_wconf 62' lang='lat' dir='ltr'><strong>cerm</strong></span> <span class='ocrx_word' id='word_1_415' title='bbox 533 3950 668 4015; x_wconf 89' lang='grc'><strong><em>1126-22</em></strong></span> <span class='ocrx_word' id='word_1_416' title='bbox 692 3954 715 4003; x_wconf 92' lang='lat' dir='ltr'><strong>is</strong></span> <span class='ocrx_word' id='word_1_417' title='bbox 738 3967 788 4018; x_wconf 93' lang='lat' dir='ltr'><strong>pro</strong></span> <span class='ocrx_word' id='word_1_418' title='bbox 813 3950 986 4002; x_wconf 89' lang='lat' dir='ltr'><strong>mercedibus</strong></span> <span class='ocrx_word' id='word_1_419' title='bbox 1006 3952 1080 4011; x_wconf 77' lang='lat' dir='ltr'><strong>lost,</strong></span> <span class='ocrx_word' id='word_1_420' title='bbox 1105 3948 1356 4016; x_wconf 76' lang='lat' dir='ltr'><strong>irpsemercedrbus</strong></span> 
     </span>
     <span class='ocr_line' id='line_1_48' title="bbox 269 4018 1356 4086; baseline -0.002 -16"><span class='ocrx_word' id='word_1_421' title='bbox 269 4022 327 4082; x_wconf 80' lang='lat' dir='ltr'><strong>(sic)</strong></span> <span class='ocrx_word' id='word_1_422' title='bbox 343 4019 385 4083; x_wconf 76' lang='grc'><strong>011</strong></span> <span class='ocrx_word' id='word_1_423' title='bbox 402 4022 434 4068; x_wconf 89' lang='grc'><strong>22</strong></span> <span class='ocrx_word' id='word_1_424' title='bbox 452 4020 559 4083; x_wconf 78' lang='lat' dir='ltr'><strong>pignori</strong></span> <span class='ocrx_word' id='word_1_425' title='bbox 578 4018 683 4072; x_wconf 81' lang='lat' dir='ltr'><strong>futuras</strong></span> <span class='ocrx_word' id='word_1_426' title='bbox 696 4035 730 4072; x_wconf 87' lang='lat' dir='ltr'><strong>eac</strong></span> <span class='ocrx_word' id='word_1_427' title='bbox 741 4023 864 4086; x_wconf 84' lang='lat' dir='ltr'><strong>pignoris</strong></span> <span class='ocrx_word' id='word_1_428' title='bbox 875 4019 994 4071; x_wconf 79' lang='lat' dir='ltr'><strong>futuram</strong></span> <span class='ocrx_word' id='word_1_429' title='bbox 1007 4025 1151 4071; x_wconf 79' lang='lat' dir='ltr'><strong>correctam</strong></span> <span class='ocrx_word' id='word_1_430' title='bbox 1166 4018 1208 4082; x_wconf 77' lang='grc'><strong>011</strong></span> <span class='ocrx_word' id='word_1_431' title='bbox 1226 4021 1258 4067; x_wconf 83' lang='grc'><strong>26</strong></span> <span class='ocrx_word' id='word_1_432' title='bbox 1281 4021 1356 4068; x_wconf 86' lang='lat' dir='ltr'><strong>utra·</strong></span> 
     </span>
     <span class='ocr_line' id='line_1_49' title="bbox 267 4088 1357 4206; baseline -0.004 -66"><span class='ocrx_word' id='word_1_433' title='bbox 267 4097 319 4206; x_wconf 63' lang='lat' dir='ltr'><strong>(pue</strong></span> <span class='ocrx_word' id='word_1_434' title='bbox 343 4090 419 4150; x_wconf 80' lang='lat' dir='ltr'><strong>lost,</strong></span> <span class='ocrx_word' id='word_1_435' title='bbox 445 4091 561 4152; x_wconf 89' lang='lat' dir='ltr'><strong>utroque</strong></span> <span class='ocrx_word' id='word_1_436' title='bbox 586 4088 620 4138; x_wconf 73' lang='lat' dir='ltr'><strong>cn</strong></span> <span class='ocrx_word' id='word_1_437' title='bbox 644 4089 655 4152; x_wconf 97' lang='grc'><strong>11</strong></span> <span class='ocrx_word' id='word_1_438' title='bbox 680 4097 721 4141; x_wconf 89' lang='grc' dir='ltr'><strong>εει</strong></span> <span class='ocrx_word' id='word_1_439' title='bbox 746 4089 774 4151; x_wconf 84' lang='lat'><strong>0,</strong></span> <span class='ocrx_word' id='word_1_440' title='bbox 801 4091 835 4141; x_wconf 92' lang='lat' dir='ltr'><strong>sit</strong></span> <span class='ocrx_word' id='word_1_441' title='bbox 857 4090 918 4140; x_wconf 82' lang='lat' dir='ltr'><strong>lost.</strong></span> <span class='ocrx_word' id='word_1_442' title='bbox 943 4091 953 4152; x_wconf 93' lang='grc'><strong>11</strong></span> <span class='ocrx_word' id='word_1_443' title='bbox 978 4093 1010 4139; x_wconf 85' lang='grc'><strong><em>25</em></strong></span> <span class='ocrx_word' id='word_1_444' title='bbox 1037 4091 1129 4152; x_wconf 76' lang='lat' dir='ltr'><strong>(altem</strong></span> <span class='ocrx_word' id='word_1_445' title='bbox 1151 4089 1214 4150; x_wconf 93' lang='lat' dir='ltr'><strong>loco)</strong></span> <span class='ocrx_word' id='word_1_446' title='bbox 1239 4091 1266 4138; x_wconf 91' lang='grc' dir='ltr'><strong>ει</strong></span> <span class='ocrx_word' id='word_1_447' title='bbox 1292 4088 1357 4138; x_wconf 86' lang='lat' dir='ltr'><strong>delet</strong></span> 
     </span>
    </p>

    <p class='ocr_par' dir='ltr' id='par_1_12' title="bbox 289 4159 874 4208">
     <span class='ocr_line' id='line_1_50' title="bbox 289 4159 874 4208; baseline 0.002 -1"><span class='ocrx_word' id='word_1_448' title='bbox 289 4159 404 4208; x_wconf 80' lang='lat' dir='ltr'><strong>olccoor.</strong></span> <span class='ocrx_word' id='word_1_449' title='bbox 871 4161 874 4168; x_wconf 90' lang='lat'>&#39;</span> 
     </span>
    </p>
   </div>
   <div class='ocr_carea' id='block_1_8' title="bbox 0 0 1494 4758">
    <p class='ocr_par' dir='ltr' id='par_1_13' title="bbox 0 0 1494 4758">
     <span class='ocr_line' id='line_1_51' title="bbox 0 0 1494 4758; baseline 0 0"><span class='ocrx_word' id='word_1_450' title='bbox 0 0 1494 4758; x_wconf 95' lang='lat' dir='ltr'><strong> </strong></span> 
     </span>
    </p>
   </div>
  </div>
 </body>
</html>
