2908 4764
237 327 273 377 111
291 325 452 391 §roa-roo
619 360 704 370 --
750 325 810 390 126
856 360 939 370 ..-

144 518 321 578 4934444444
364 512 433 576 Alia
456 532 551 576 eausa
573 511 649 596 esti
1437 559 1439 618 ,

236 637 306 645 --
327 620 396 662 urar
413 597 584 684 4444444444
1015 601 1326 664 ---—solidum
1438 618 1440 650 4

236 686 346 749 deberi
374 696 406 748 et
429 705 478 747 me
498 682 502 771 Ι
523 686 621 748 solum
887 681 891 690 '
1438 657 1440 734 4

153 776 212 835 tot
237 774 332 835 etiam
348 769 437 855 Titilo
452 807 735 831 —--—--.
762 773 924 834 Praeterea
941 771 1064 833 inutilis
1080 780 1128 832 est
1144 773 1321 852 stipulatio,
1438 743 1440 822 4

237 861 265 921 si
288 858 329 920 ab
351 857 397 942 elo
420 857 556 938 stipuler
578 859 632 938 qui
656 857 719 919 iuri
742 877 812 919 meo
836 857 998 920 subiectus
1021 867 1079 936 est,
1106 858 1180 918 item
1203 859 1231 918 si
1255 857 1282 919 is
1305 879 1324 921 a
1346 874 1359 918 5
1439 867 1440 920 4

238 964 288 1008 ma
312 946 496 1026 stipuletur.
538 941 620 1028 <sed>
645 963 757 1005 seruus
780 943 910 1025 quidem
932 952 964 1005 et
979 944 1035 1023 qui
1051 945 1084 1004 in
1100 943 1258 1023 mancipio
1275 954 1325 1006 est
1439 963 1441 1002 4

238 1041 269 1093 et
289 1032 355 1112 filio
374 1031 514 1112 familias
537 1041 568 1091 et
590 1047 672 1110 quae
695 1030 729 1090 in
751 1047 847 1092 manu
870 1040 1004 1092 estnon
1028 1029 1130 1091 solum
1153 1029 1215 1110 ipsi
1232 1031 1324 1092 euius
1439 1003 1441 1062 d

238 1119 301 1179 iuri
329 1115 465 1180 subiecti
488 1115 692 1178 subiectaeue
715 1126 806 1196 sunt,
840 1116 974 1197 obligari
997 1135 1060 1176 non
1081 1125 1233 1195 possunt,
1266 1116 1325 1178 sed

150 1205 213 1265 495
238 1223 279 1265 ne
308 1203 362 1265 alii
392 1202 523 1284 quidem
551 1202 621 1264 ulli.
668 1204 787 1265 llutum
816 1221 921 1283 neque
949 1202 1096 1282 stipulari
1119 1221 1225 1282 neque
1248 1221 1325 1282 pro-

239 1290 364 1351 mittere
394 1307 488 1370 posse
518 1289 623 1369 palam
650 1297 709 1349 est.
756 1286 840 1349 idern
864 1289 959 1350 etiam
983 1289 1015 1348 in
1038 1286 1135 1350 surdo
1157 1298 1323 1368 receptum
1345 1305 1372 1350 44
1441 1365 1442 1370 ¹

239 1385 304 1453 est;
333 1377 408 1455 quia
431 1384 464 1436 et
485 1375 512 1436 is
535 1375 591 1454 qui
615 1375 803 1454 stipulatur,
829 1374 929 1436 uerba
951 1373 1184 1454 promittentis,
1212 1383 1244 1435 et
1267 1375 1324 1455 qui

150 1465 215 1524 446
239 1461 404 1541 promittit,
429 1460 538 1522 uerba·
552 1461 737 1541 stipulantis
760 1459 913 1522 exaudire
935 1459 1041 1522 debet.
1077 1461 1226 1521 Furiosus
1249 1460 1326 1522 nul·

238 1547 305 1608 lum
328 1547 489 1627 negotium
513 1565 622 1627 gerere
645 1555 759 1627 potest,
786 1548 946 1627 quianon
970 1546 1127 1627 intellegit
1145 1545 1222 1626 quid
1238 1555 1320 1626 agat.
1439 1493 1442 1582 d

155 1635 214 1696 447
239 1633 382 1714 Pupillus
405 1652 495 1694 omne
518 1633 678 1712 negotium
701 1642 786 1695 reoto
809 1634 907 1713 gerit,
938 1641 972 1694 44
994 1641 1117 1711 tamen,
1145 1632 1249 1694 sioubi
1271 1643 1325 1694 tu-

238 1721 315 1781 toris
337 1720 509 1782 auotoritas
531 1721 711 1781 necessaria
733 1720 785 1797 sit,
811 1718 999 1781 adhibeatur
1021 1715 1145 1802 <tutor>,
1170 1718 1274 1780 ueluti
1297 1718 1323 1779 si
1344 1737 1371 1782 45

239 1805 307 1885 ipse
330 1805 506 1886 obligetur;
532 1824 605 1867 nam
628 1807 726 1867 alium
749 1805 811 1867 sibi
834 1804 976 1885 obligare
999 1805 1093 1866 etiam
1116 1805 1186 1865 sine
1209 1805 1324 1866 tutoris

153 1891 425 1953 408·auetoritate
454 1901 568 1971 potest.
616 1890 702 1952 Idem
729 1891 809 1952 iuris
832 1901 880 1952 est
903 1893 935 1952 in
959 1889 1086 1952 lerninis
1109 1909 1192 1971 quae
1215 1891 1250 1951 in
1272 1899 1325 1952 tu·
1442 1953 1443 1962 ,

149 1980 215 2039 449
239 1977 302 2038 tela
326 1986 410 2038 sunt.
458 1976 521 2038 Sed
550 1976 636 2057 quod
666 1976 806 2038 diximus
836 1977 876 2039 de
905 1977 1045 2058 pupillo,
1079 1978 1192 2057 utique
1223 1977 1262 2038 de
1287 1995 1322 2038 eo
1442 1987 1444 2066 4

238 2081 352 2124 uerum
374 2071 423 2124 est
446 2063 501 2142 qui
524 2063 585 2123 iarn
609 2064 750 2144 aliquem
772 2063 969 2124 intellectum
991 2062 1098 2124 habet,
1131 2081 1204 2124 nam
1220 2063 1323 2125 inians
1342 2081 1369 2125 44
1442 2089 1444 2136 ,

239 2157 270 2210 et
293 2149 349 2228 qui
373 2147 487 2210 infanti
509 2149 674 2228 proximus
690 2158 747 2229 est,
775 2169 838 2211 non
853 2150 987 2212 multum
1003 2169 1020 2211 a
1036 2149 1155 2211 furioso
1172 2145 1184 2231 ΙΙ
1201 2149 1317 2228 differt,
1332 2165 1414 2228 pgatt
1442 2137 1444 2158 ⁴

238 2234 314 2314 quia
336 2235 433 2296 huius
456 2233 567 2296 aetatis
589 2235 707 2316 pupilli
727 2237 852 2299 nullum
874 2236 1072 2297 intelleotum
1095 2234 1229 2313 habent;
1265 2234 1322 2298 sed
1443 2235 1444 2258 ³

238 2320 272 2381 in
301 2321 350 2382 his
378 2321 511 2402 pupillis
534 2329 661 2403 propter
683 2323 853 2384 utilitatem
876 2321 1038 2403 benignior
1059 2321 1139 2384 iuris
1163 2323 1322 2403 interpre-

238 2406 313 2468 tatio
336 2407 419 2470 laota
442 2416 499 2470 est.

238 2627 1271 2644 mmmmmmmmvwwmm
1274 2627 1323 2643 ΛΜ

307 2697 457 2764 §luttere
477 2719 508 2742 ε
527 2700 590 2751 Inst.
611 2703 723 2760 9,49,6
747 2698 759 2762 11
781 2697 854 2763 4445
876 2720 908 2742 =
926 2700 992 2750 Inst.
1013 2703 1037 2762 4,
1060 2701 1100 2761 49,
1122 2703 1135 2748 4
1159 2698 1171 2764 [l
1196 2697 1272 2763 §tto
1292 2719 1321 2742 =

238 2769 301 2818 inst.
317 2773 341 2830 9,
360 2773 399 2830 49,
416 2772 429 2818 9
448 2768 459 2832 ΙΙ
477 2767 489 2832 4
504 2771 551 2816 447
573 2788 604 2812 =
624 2770 731 2830 instit,
748 2772 818 2830 49,9
838 2767 849 2831 ll
869 2767 943 2832 §toa
963 2787 995 2811 =
1014 2769 1079 2818 lnst.
1095 2772 1119 2828 3,
1135 2771 1177 2831 49,
1193 2772 1235 2818 44.

1064 2885 1321 2904 ΜΝᾺΛΛΜΛΝνΛΛᾺ

309 2975 372 3022 4-4
393 2973 500 3022 lacertos
519 2986 539 3022 e.
554 2988 580 3036 p.
600 2976 638 3024 ite
656 2975 690 3023 od
708 2977 863 3024 sententiam
883 2975 1003 3036 supplere
1019 2977 1116 3038 possis:
1136 2973 1209 3026 Alia
1229 2986 1323 3026 eausa

234 3043 293 3102 est,
316 3042 338 3091 si
358 3043 395 3090 ita
415 3040 556 3102 stipulatus
576 3043 627 3092 sim
646 3057 702 3092 444444
715 3055 761 3092 444
773 3056 837 3092 rulo
849 3041 954 3094 DARI
966 3041 1172 3094 SPONDES?
1190 3057 1245 3107 quo
1259 3055 1324 3093 casu

238 3113 346 3160 constat
363 3109 431 3159 mihi
450 3109 586 3160 solidum
605 3109 715 3162 deberi
733 3113 766 3162 et
783 3125 833 3163 me
851 3113 946 3164 solum
967 3125 999 3162 ex
1012 3126 1043 3162 ea
1056 3111 1231 3176 stipulatione
1245 3125 1324 3175 agere

237 3192 332 3244 posse,
359 3191 531 3242 quamquam
550 3179 648 3230 etiem
666 3180 749 3231 'Pitio
774 3181 907 3232 soluendo
932 3181 1066 3232 liberaris.
1110 3181 1228 3230 Huschke
1255 3181 1321 3243 (coll.

239 3249 301 3298 1444.
321 3252 348 3310 5,
364 3251 404 3307 49,
421 3249 446 3310 t)
467 3249 582 3310 supplet:
601 3249 674 3300 Alte
693 3261 788 3300 eausa
807 3253 867 3308 ast,
894 3251 917 3301 si
941 3250 1025 3300 ueluti
1044 3249 1167 3300 amnuo
1187 3250 1232 3298 uel
1257 3263 1323 3299 rnro

238 3329 353 3368 reninis
371 3330 423 3367 4444
443 3330 473 3366 rr
492 3331 547 3368 444444
565 3316 669 3369 DARI
687 3317 874 3371 seems
893 3319 1038 3385 stipulatus
1055 3321 1118 3370 sim.
1161 3321 1227 3370 tuno
1251 3319 1324 3369 enim

239 3389 345 3436 constat
363 3385 500 3437 solidum
518 3385 626 3438 deberi
644 3391 676 3439 et
693 3401 743 3438 me
761 3387 887 3439 solidum
906 3402 921 3438 a
940 3389 1106 3454 promissore
1122 3390 1214 3452 petere
1227 3399 1321 3451 posse:

235 3454 317 3515 quod
330 3455 427 3506 etiam
437 3453 483 3517 fit,
506 3469 569 3506 oum
582 3460 687 3507 tanturn
700 3457 777 3507 uelut
789 3470 855 3506 ruro
870 3470 984 3508 44444444
996 3456 1119 3522 stipulor.
1135 3456 1146 3519 4
1159 3459 1172 3505 4
1187 3457 1221 3505 ad
1238 3458 1325 3520 (prae-

237 3522 321 3585 ter)ea
340 3525 437 3574 demet
455 3526 548 3574 codicis
569 3525 742 3588 Crele‘peioe,
763 3527 834 3576 -item
854 3527 915 3576 lest.
942 3525 954 3589 ΙΙ
978 3530 992 3575 4
1016 3527 1081 3576 item
1109 3525 1142 3588 0,
1170 3523 1213 3574 nel
1233 3521 1325 3589 444414

239 3596 253 3640 6
272 3591 320 3642 sed
334 3592 407 3655 lest,
428 3606 478 3643 om.
496 3593 523 3655 0,
544 3595 611 3657 coes.
629 3594 661 3645 0·
675 3609 738 3659 pop.
751 3599 803 3646 444
816 3607 886 3645 aare.
904 3597 935 3644 47
952 3595 963 3659 ΙΙ
983 3598 1014 3643 44
1028 3595 1101 3644 idern
1114 3595 1194 3644 etiarn
1209 3592 1237 3654 0,
1251 3594 1323 3658 quod

238 3664 264 3711 et
286 3661 349 3710 lost.
375 3662 386 3723 ΙΙ
404 3665 431 3710 44
456 3665 495 3724 (ie
510 3665 572 3727 poe)
598 3665 645 3728 qui
670 3663 697 3728 0,
723 3666 746 3713 is
770 3665 817 3728 qui
841 3665 904 3714 1444.
928 3663 940 3727 11
965 3667 995 3712 49
1021 3663 1149 3714 exaudire
1175 3661 1201 3722 0,
1228 3663 1324 3712 audire

238 3731 301 3780 last.
328 3729 339 3792 44
364 3733 395 3778 49
420 3744 511 3793 gerere
539 3732 614 3794 14444,
640 3746 703 3797 gere
725 3731 744 3783 0
768 3733 779 3797 ΙΙ
802 3735 864 3796 agat
884 3732 911 3794 0,
937 3734 992 3796 agit
1010 3733 1073 3785 lest.
1096 3732 1107 3796 ΙΙ
1135 3733 1165 3780 44
1184 3735 1215 3781 ut
1233 3733 1325 3780 tamen

236 3799 312 3859 last,
334 3800 370 3848 444
389 3801 479 3848 tamen
497 3803 527 3849 ut
544 3804 634 3850 tamen
656 3801 689 3851 0¹1
708 3801 719 3865 11
744 3805 774 3850 tt
793 3804 867 3852 tutor
887 3802 961 3862 lest,
981 3815 1031 3851 om,
1054 3801 1101 3864 011
1120 3805 1151 3851 48
1170 3800 1276 3866 pupillo
1297 3799 1322 3861 0,

236 3867 348 3934 pupillis
367 3869 429 3918 14444.
450 3866 461 3931 ΙΙ
478 3881 510 3918 eo
531 3867 557 3931 0,
578 3869 620 3920 his
639 3871 701 3920 lost.
722 3871 734 3933 11
754 3873 784 3920 49
803 3869 885 3921 habet
905 3869 931 3930 0,
952 3870 1057 3921 habent·
1071 3873 1132 3921 last.
1151 3869 1162 3933 14
1183 3873 1215 3918 94
1235 3869 1325 3920 differt

238 3937 266 3997 0,
287 3937 389 3987 distant
402 3937 464 3988 1444.
485 3935 496 4000 ΙΙ
515 3940 542 3986 94
565 3938 662 4003 pupilli
676 3939 750 4003 lest,
770 3940 864 4005 pupill·
883 3939 910 4000 0,
930 3939 998 4002 eoas.
1014 3939 1047 3990 04
1062 3953 1125 4004 pap.
1140 3940 1190 3993 275
1208 3937 1219 4002 ΙΙ
1236 3942 1270 3988 99
1283 3937 1324 3988 his

236 4007 348 4071 pupillis
368 4005 396 4068 0,
415 4007 544 4071 proximis
563 4006 656 4057 infanti
671 4008 745 4071 4444,
765 4009 807 4059 his
825 4008 937 4074 pupillis
949 4005 1004 4074 (qui
1017 4008 1112 4059 infanti
1124 4009 1241 4073 proximi
1255 4003 1324 4072 sunt)

235 4075 355 4192 llleselrlce
372 4075 384 4138 ss
401 4077 511 4194 proptler
530 4075 604 4137 lest,
623 4089 673 4140 per
694 4075 738 4140 0¹¹,
759 4078 824 4141 eoos.
839 4077 870 4128 0⁸
886 4091 948 4141 pop.
963 4081 1014 4132 288
1032 4079 1043 4142 11
1060 4077 1205 4128 utilitatem
1222 4075 1249 4138 0,
1270 4077 1324 4126 uti·

248 4146 339 4194 itatem
358 4157 452 4195 eorum
484 4149 533 4195 444.
