2908 4764
273 355 429 421 rste-ss
665 389 751 400 --
797 355 835 416 14
879 389 964 399 ....

273 544 384 627 populi
407 543 537 604 Romani
560 551 649 622 sunt,
682 543 757 604 lieet
787 561 884 624 supra
906 541 1035 605 modum
1057 551 1089 604 et
1111 543 1179 604 sine
1204 561 1299 604 causa
1321 542 1353 604 in
1446 545 1448 624 i

273 649 383 694 seruos
405 649 479 691 suos
501 630 645 707 saeuire;
672 647 746 692 nam
769 648 810 690 ex
832 627 1054 691 constitutione
1076 629 1276 709 imperatoris
1290 627 1353 690 An·

272 718 375 778 tonini
397 717 454 796 qui
476 717 545 776 sine
568 733 663 778 eausa
686 733 816 776 seruum
839 733 932 778 suum
961 714 1126 793 occiderit,
1157 733 1220 776 non
1249 717 1352 776 minus
1447 715 1448 778 ᾗ

273 805 374 864 teneri
397 801 538 881 iubetur,
572 820 668 881 quam
691 802 747 880 qui
770 801 907 862 alienum
931 819 1061 862 seruum
1089 801 1250 863 occiderit.
1300 800 1353 863 sed

273 897 306 950 et
327 890 425 950 maior
440 906 567 968 quoque
583 887 736 968 asperitas
752 886 951 949 dominorum
966 906 1025 967 per
1040 886 1182 949 eiusdem
1198 887 1353 968 principis
1371 900 1382 944 t

274 974 528 1036 constitutionem
569 982 749 1051 coercetur;
794 991 867 1035 nam
904 973 1069 1034 consultus
1107 992 1125 1034 a
1162 973 1353 1053 quibusdam

273 1059 476 1142 praesidibus
498 1059 735 1140 prouinciarum
758 1057 797 1120 de
820 1059 869 1119 his
891 1059 994 1120 seruis
1024 1059 1079 1138 qui
1108 1058 1149 1121 ad
1176 1059 1249 1122 iana
1279 1059 1353 1122 deo·

275 1167 346 1209 rum
368 1147 421 1208 uel
444 1145 485 1206 ad
507 1154 627 1206 statuas
649 1146 832 1225 principum
856 1144 1052 1224 confugiunt,
1077 1145 1251 1225 praecepit,
1276 1157 1314 1206 ut
1329 1146 1353 1206 si

274 1233 479 1294 intolerabilis
502 1231 651 1292 uideatur
673 1230 871 1292 dominorum
893 1231 1045 1309 saeuitia,
1071 1240 1223 1312 cogantur
1245 1250 1353 1292 seruos

273 1337 347 1380 suos
376 1317 527 1380 uendere.
568 1327 600 1378 et
628 1327 799 1396 utrumque
830 1325 914 1378 recte
945 1317 995 1394 rit;
1026 1317 1105 1378 male
1135 1319 1220 1378 enim
1249 1328 1353 1378 nostro
1371 1328 1398 1373 to

273 1406 343 1466 iure
365 1403 413 1465 uti
435 1423 498 1464 non
521 1402 693 1480 debemus3
721 1421 783 1482 qua
806 1402 927 1464 ratione
950 1411 981 1463 et
995 1401 1139 1483 prodigis
1154 1402 1356 1466 interdicitur

210 1493 249 1554 55
275 1489 430 1551 bonorum
452 1509 582 1551 suorum
604 1489 848 1550 administratio.
896 1489 1044 1550 Ceterum
1067 1507 1139 1550 eum
1162 1490 1247 1570 apud
1270 1490 1355 1551 ciues

274 1577 427 1637 Romanos
451 1575 571 1657 duplex
593 1575 635 1637 sit
657 1575 832 1636 dominium
859 1577 942 1649 (nam
969 1575 1023 1635 uel
1052 1576 1085 1636 in
1114 1575 1206 1637 bonis
1233 1577 1288 1637 uel
1317 1595 1356 1638 ex

272 1663 342 1724 iure
365 1663 537 1734 Quiritium
559 1663 614 1724 uel
638 1680 678 1722 ex
700 1671 835 1740 utroque
859 1661 928 1722 iure
959 1661 1114 1741 cuiusque
1143 1681 1258 1723 seruus
1286 1681 1355 1724 esse

273 1749 495 1830 intellegitur),
521 1750 566 1810 ita
589 1747 717 1808 demum
741 1766 871 1809 seruum
894 1748 927 1806 in
957 1755 1112 1826 potestate
1140 1747 1259 1809 domini
1288 1767 1355 1810 esse
1375 1759 1401 1804 to

273 1834 433 1912 dicemus,
466 1835 493 1896 si
516 1835 550 1894 in
572 1833 664 1894 bonis
688 1832 756 1894 eius
779 1834 831 1912 sit,
858 1834 981 1894 etiamsi
1004 1833 1099 1894 simul
1122 1853 1163 1894 ex
1185 1835 1255 1896 iure
1278 1835 1356 1907 Qui-

272 1922 381 1982 ritium
404 1919 553 1982 eiusdem*
569 1938 633 1980 non
656 1921 712 1996 sit;
739 1920 889 1999 namqui
911 1918 1033 1980 nudum
1056 1920 1106 1980 ius
1126 1921 1299 1992 Quiritium
1323 1922 1356 1981 in

273 2025 367 2068 seruo
390 2005 497 2084 habet,
523 2007 550 2066 is
572 2013 759 2085 potestatem
782 2005 900 2066 habere
922 2023 984 2066 non
1007 2006 1214 2086 intellegitur.

209 2094 249 2153 55
359 2093 437 2152 Item
459 2093 492 2151 in
515 2100 670 2171 potestate
693 2099 800 2152 nostra
823 2099 898 2154 sunt
919 2091 1012 2152 liberi
1035 2093 1135 2153 nostri
1162 2111 1240 2172 quos
1263 2093 1357 2154 iustis

273 2179 394 2258 nuptiis
417 2179 665 2258 procreauimus.
713 2177 798 2257 quod
820 2181 871 2239 ius
899 2178 1062 2257 proprium
1092 2178 1211 2239 ciuium
1241 2179 1357 2240 Roma·
1374 2190 1402 2234 to

273 2283 385 2325 norum
409 2273 473 2341 est3
501 2263 567 2324 iere
592 2264 677 2324 enim
700 2265 780 2325 nulli
803 2265 857 2325 alii
880 2271 954 2324 sunt
975 2265 1118 2324 homines
1141 2266 1198 2344 qui
1211 2265 1306 2326 talem
1322 2265 1356 2325 in

274 2350 354 2412 filios
376 2370 449 2412 suos
473 2349 593 2411 babent
615 2357 803 2429 potestatem
826 2351 952 2430 qualern
975 2369 1032 2411 nos
1055 2349 1215 2412 babemus,
1256 2349 1356 2430 idque

273 2435 368 2499 diuos
390 2433 575 2520 Haiidrianos
604 2436 723 2515 edicto,
756 2436 841 2520 quod
869 2437 1032 2516 proposuit
1059 2435 1098 2497 de
1127 2437 1176 2497 his
1206 2437 1262 2516 qui
1292 2436 1357 2498 sibi
1366 2444 1446 2509 pagis

341 2691 353 2756 5
368 2697 398 2742 53
418 2694 605 2756 constitutione]
626 2693 696 2743 coni.
717 2694 773 2756 Dig.
789 2696 810 2750 5,
829 2696 853 2755 6,
868 2697 897 2755 5;
918 2694 982 2742 inst.
999 2697 1022 2756 5,
1038 2697 1062 2756 8,
1079 2697 1093 2741 5
1111 2691 1121 2760 {i
1138 2691 1150 2757 §
1165 2697 1196 2742 55
1216 2707 1305 2757 usque
1324 2694 1359 2744 ad

273 2765 300 2810 55
324 2767 362 2812 est
374 2783 406 2804 =
419 2763 476 2826 Dig.
492 2767 516 2822 t,
529 2767 554 2823 6,
570 2767 599 2823 33
619 2777 706 2826 usqne
725 2763 759 2812 ad
778 2765 809 2810 55
828 2763 950 2812 habemas
967 2760 1023 2811 iere
1037 2782 1069 2804 =
1082 2765 1148 2814 lust.
1164 2766 1189 2825 t,
1204 2765 1218 2810 9
1237 2776 1280 2827 pr.
1302 2761 1356 2827 §a

344 3005 353 3048 5
375 3001 469 3064 populi
487 3001 592 3050 romani
614 2999 657 3062 Cn,
679 3013 792 3050 romano
805 3001 877 3064 Dip„
898 3003 991 3050 nostro
1010 3002 1074 3051 lost.
1092 2997 1102 3067 ΙΙ
1119 3013 1200 3051 eausa
1222 2999 1249 3060 0,
1272 3015 1359 3054 eausa

273 3069 379 3132 legibus
397 3070 503 3131 cognita
518 3070 576 3132 Dip.
590 3069 653 3118 1555.
668 3069 727 3130 (boe
744 3070 859 3118 ordinem
876 3071 1015 3120 corborum
1032 3065 1178 3120 uicinorum
1188 3073 1337 3134 iouertuot)
1351 3069 1361 3138 ii

274 3143 288 3186 5
308 3139 514 3188 constitutiones
532 3139 702 3202 imperatoris
718 3137 762 3197 0¹1,
782 3140 974 3189 constitutione
993 3139 1050 3188 diui
1069 3139 1141 3202 1155,
1162 3140 1360 3192 constitutione
1430 3183 1435 3206 ,

274 3207 331 3257 diui
350 3207 389 3256 Pii
409 3207 486 3265 iast.;
506 3207 572 3268 conf.
587 3208 617 3256 H.
632 3207 771 3269 Dcrobcrp
790 3208 1052 3258 »1)5515555555555
1069 3209 1113 3257 des
1133 3207 1215 3258 Gaius
1232 3212 1276 3259 555
1298 3210 1360 3260 Col-

274 3276 427 3339 lepieabcst«
452 3276 537 3336 (155555
556 3277 633 3336 5959)
654 3289 717 3339 pop.
737 3280 768 3325 58
792 3281 817 3326 55
837 3277 868 3327 05
883 3290 945 3340 paq.
959 3281 1011 3328 595
1030 3276 1041 3339 ΙΙ
1065 3279 1078 3325 5
1098 3277 1185 3326 teneri
1210 3277 1238 3336 0,
1264 3281 1361 3342 puniri

273 3345 334 3408 Dia.
356 3345 417 3394 lost.
441 3343 452 3407 ΙΙ
474 3344 595 3393 alienum
612 3358 722 3394 seruum
743 3344 763 3394 0
780 3345 852 3408 Dic„
872 3359 982 3396 seruum
1000 3345 1119 3396 alienum
1138 3346 1203 3395 lost.
1222 3345 1232 3408 ΙΙ
1253 3351 1268 3395 5
1287 3362 1362 3412 quo-

273 3427 326 3476 que
348 3413 392 3473 0¹¹,
418 3413 630 3476 5551551555.
658 3413 668 3476 ΙΙ
691 3427 740 3478 per
762 3414 883 3464 eiusdem
906 3416 1039 3479 principis
1063 3415 1285 3464 constitutionem
1315 3416 1360 3481 01¹,

274 3481 396 3531 eiusdem
419 3483 550 3546 principis
572 3483 764 3532 constitutione
787 3483 929 3546 11551555.
954 3483 965 3546 ll
990 3488 1003 3532 7
1026 3483 1206 3548 praesidibus]
1233 3485 1303 3547 coos.
1329 3487 1361 3538 0³

270 3564 333 3613 pop.
347 3555 399 3604 28⁶
415 3565 486 3600 cers.
502 3557 515 3600 5
535 3550 545 3613 ΙΙ
564 3551 678 3602 deorum
691 3565 725 3600 eac
738 3565 834 3602 eorum
847 3557 991 3602 correctam
1006 3551 1040 3602 Cn
1057 3549 1068 3618 ΙΙ
1085 3556 1168 3601 9-55
1181 3565 1279 3604 seruos
1293 3568 1362 3606 suos

276 3619 304 3678 0,
331 3631 425 3670 seruos
446 3622 507 3670 1555.
534 3619 545 3682 ΙΙ
571 3623 601 3668 50
627 3621 697 3671 male
723 3621 846 3684 8555555,
873 3621 964 3683 regula
988 3621 1059 3671 maie
1086 3621 1105 3672 0
1128 3623 1174 3684 (55
1190 3622 1359 3686 9555555555,

273 3689 339 3750 conf.
359 3689 390 3739 0³
405 3702 468 3752 pop.
483 3690 544 3750 XX)
569 3689 580 3752 ΙΙ
606 3693 631 3738 55
655 3690 828 3740 interdicitur
848 3687 887 3752 02,
907 3691 1008 3740 dicitur
1028 3689 1068 3748 01,
1088 3691 1155 3752 cons.
1179 3689 1211 3740 Ca
1225 3703 1290 3754 pop.
1307 3696 1359 3746 575

272 3771 343 3807 cers.
353 3761 388 3807 55
406 3757 417 3821 ΙΙ
436 3761 467 3807 55
481 3759 646 3822 intellegitur
660 3758 798 3818 55555555,
818 3759 990 3822 intellegatur
1005 3759 1039 3810 0ῃ
1057 3759 1068 3822 ΙΙ
1086 3772 1198 3810 seruum
1210 3773 1245 3808 coc
1258 3774 1363 3814 seruus

273 3831 417 3876 correctum
437 3826 465 3886 0,
485 3826 551 3888 conf.
575 3828 607 3878 0²
621 3828 804 3891 5555595555.
822 3827 833 3890 ΙΙ
853 3832 883 3876 59
903 3829 980 3878 iustis
1001 3827 1029 3886 0,
1050 3843 1082 3878 ex
1100 3828 1178 3878 iustis
1191 3829 1250 3891 Die.
1266 3830 1332 3881 Iost.
1353 3828 1364 3899 ΙΙ

274 3898 304 3942 59
323 3897 532 3959 procreauimus
553 3895 596 3958 01¹,
616 3896 999 3962 procreauerimusDip.1ost.
1019 3897 1030 3960 ΙΙ
1049 3898 1152 3947 ciuium
1171 3899 1363 3950 Romanorum

273 3967 315 4014 est
335 3963 369 4014 0Ῑι
387 3965 456 4028 Dip,
482 3967 522 4013 est
547 3966 650 4014 ciuium
668 3967 851 4016 Romanorum
876 3965 939 4015 1555.
965 3965 976 4028 ΙΙ
999 3969 1027 4014 et
1050 3968 1096 4030 qui
1116 3967 1190 4026 lost,
1213 3969 1289 4030 quei
1313 3970 1360 4030 ΟΠ,

273 4033 340 4096 conf.
358 4033 390 4084 0²
405 4046 466 4096 pop.
481 4037 533 4086 295
551 4033 561 4096 ΙΙ
581 4037 612 4082 55
631 4033 701 4084 filios
719 4048 783 4085 suos
799 4034 826 4097 0,
847 4034 947 4084 liberos
960 4035 1022 4084 lost.
1042 4036 1053 4098 ΙΙ
1071 4035 1173 4084 habent
1188 4035 1215 4096 0,
1237 4036 1364 4090 habeant

275 4101 337 4152 1555.
358 4103 368 4166 b
389 4107 420 4151 53
441 4102 522 4152 diuus
541 4103 695 4152 Hadrianus
717 4103 854 4165 05555555,
875 4104 933 4153 diui
951 4103 1076 4154 hadriani
1098 4105 1129 4164 0,
1150 4105 1218 4166 coos.
1243 4105 1276 4156 cs
1291 4120 1360 4172 pop.

273 4175 325 4223 255
341 4185 411 4221 acre.
427 4176 507 4233 tscq.
528 4176 552 4222 et
566 4184 628 4235 pap.
643 4173 695 4223 579
713 4173 762 4220 sub
775 4175 867 4236 5555,-
891 4173 959 4235 coos.
979 4177 1056 4223 etiem
1076 4173 1127 4224 0³⁸.
