2908 4764
242 357 277 406 111
295 354 433 421 §oea-es
623 393 708 404 --
756 357 815 418 124
860 391 946 402 .-

1234 549 1302 608 item
1320 545 1323 633 1

239 629 266 694 si
298 630 424 692 debitor
454 629 596 692 mulieris
622 630 713 693 iussu
736 631 822 710 eius,
856 631 933 694 dum

239 716 304 779 doti
333 715 417 779 dicat
446 716 531 797 quod
561 717 673 794 debet,
711 717 793 779 alius
823 727 928 779 autem
959 717 1096 800 obligari
1123 719 1179 780 boe
1202 719 1322 804 modol

238 821 301 864 non
323 811 438 883 potest.
462 801 466 885 Ι
486 813 518 865 44
540 802 611 864 ideo
635 804 662 864 si
685 805 759 883 quis
782 804 862 866 alius

237 925 324 936 —-
345 890 508 999 epmlmuni
531 892 600 951 iure
624 888 727 969 obliga
1341 908 1354 953 5

238 1011 455 1020 --——————

113 1105 117 1114 ·
172 1064 212 1122 96
322 1026 400 1123 lte'm
423 1023 486 1123 uno
510 1062 660 1141 loquente
682 1057 826 1144 ——-l
1185 1030 1211 1092 (³
1229 1031 1322 1080 uersus

236 1151 264 1198 444
285 1147 304 1198 C
321 1149 371 1211 lepi
388 1148 529 1210 nequeunt)

236 1305 279 1312 -
300 1269 377 1330 haee
403 1269 470 1329 sole
498 1285 590 1328 eausa
614 1275 674 1345 est,
708 1287 747 1329 ex
778 1287 840 1348 qua
868 1269 1071 1331 iureiurando
1095 1271 1319 1354 contrabitur!

236 1353 397 1435 obligatio.
437 1373 512 1416 sane
543 1373 582 1414 ex
608 1353 669 1414 alia
692 1354 780 1416 nulla
802 1373 896 1416 eausa
919 1355 1124 1418 iureiurando
1147 1357 1291 1420 homines
1312 1355 1321 1442 ll
1340 1373 1366 1416 44

137 1463 139 1468 ·
235 1437 426 1522 obligantur,
447 1442 560 1520 utique
576 1459 648 1501 oum
664 1442 833 1520 quaeritur
848 1439 888 1502 de
904 1443 974 1502 iure
990 1443 1211 1504 Romanorum.
1249 1456 1409 1519 nampgttl

236 1529 322 1606 apud
344 1528 531 1607 peregrinos
555 1525 634 1607 quid
656 1525 734 1587 iuris
758 1527 809 1606 sit,
837 1527 1036 1607 singularum
1054 1529 1235 1592 ciuitatium
1252 1531 1320 1592 iura

236 1614 436 1693 requirentes
458 1611 545 1674 aliud
569 1611 751 1691 intellegere
775 1611 951 1692 poterimus

169 1783 211 1845 ot
325 1785 357 1847 Si
381 1782 414 1845 id
437 1784 522 1864 quod
545 1783 613 1846 dari
636 1783 835 1864 stipulamur,
863 1785 925 1846 tale
949 1785 1000 1862 sit,
1027 1793 1062 1845 ut
1084 1785 1153 1846 dari
1168 1805 1230 1847 non
1247 1807 1320 1868 pos-

235 1873 287 1950 sit,
313 1871 436 1932 inetilis
459 1880 507 1932 est
530 1869 707 1950 stipulatio,
740 1871 830 1932 uelut
853 1871 879 1931 si
903 1871 976 1951 quis
999 1872 1158 1933 hominem
1180 1872 1317 1936 liberum
1337 1888 1364 1933 44

235 1977 332 2039 quem
362 1976 491 2018 seruum
521 1975 591 2017 esse
621 1954 787 2035 credebat,
821 1965 876 2017 aut
906 1966 1064 2018 mortuum
1088 1978 1184 2039 quem
1206 1960 1318 2022 uiuum

235 2063 305 2106 esse
329 2041 489 2120 credebat,
517 2050 573 2102 aut
594 2041 697 2102 locum
721 2060 846 2104 sacrum
870 2043 922 2103 uel
945 2043 1128 2124 religiosum
1145 2064 1240 2124 quem
1257 2067 1319 2126 pu-

155 2129 211 2188 97²
233 2130 320 2192 tabat
341 2129 471 2189 humani
495 2127 575 2188 iuris
599 2146 680 2206 esse,
707 2127 775 2189 dari
799 2124 987 2210 (stipuletur.
1028 2131 1102 2191 Item
1124 2132 1154 2192 si
1171 2133 1239 2212 quis
1255 2151 1319 2193 rem

234 2234 312 2298 quae
334 2217 367 2276 r'o
383 2232 487 2275 rerem
503 2221 620 2274 nature
635 2231 699 2275 esse
715 2233 774 2274 noo
787 2222 892 2294 potest,
918 2216 1004 2278 uelut
1017 2214 1316 2300 hippocentaurum>

170 2304 210 2362 98
235 2302 418 2382 stipuletur,
447 2319 548 2380 aeque
570 2300 694 2362 inutilis
717 2309 764 2362 est
787 2301 962 2380 stipulatio.
1009 2303 1087 2363 ltem
1110 2303 1137 2364 si
1161 2304 1234 2382 quis
1258 2305 1318 2365 sub
1336 2319 1363 2363 ao

234 2408 270 2450 ea
300 2387 483 2451 condicione
513 2387 685 2466 stipuletur
711 2405 793 2467 quae
817 2388 952 2448 existere
976 2407 1038 2449 non
1061 2397 1182 2468 potest,
1216 2391 1318 2451 ueluti

234 2476 261 2543 si
285 2473 383 2556 digito
406 2474 530 2535 eoelum
553 2473 704 2554 tetigerit,
731 2469 855 2533 inutilis
878 2481 927 2534 est
949 2474 1119 2554 stipulatio.
1152 2474 1209 2537 sed
1231 2476 1319 2556 lega-

233 2572 301 2624 tum
324 2561 384 2623 sub
408 2559 588 2640 inpossibili
610 2557 792 2621 oondioione
814 2557 961 2620 relietum
980 2561 1078 2621 nostri
1095 2571 1318 2642 praeceptores

677 2693 1318 2714 mwwvwnmvwvwvvvvvxmmvxmnmvw

302 2755 373 2821 §97³
392 2753 463 2806 eonl.
484 2757 550 2805 Inst.
566 2758 590 2816 3,
607 2759 647 2815 lt,
664 2759 686 2804 4.

233 2863 1317 2884 ΜΝῊΜΨΛΝΨΜΨΝΜΜΝΝΝΝᾺΙΨΝΜΛΜΛΛΛΛΝΝΛΛΜΝΜΜΨΜΜ

303 2937 367 2982 4-3
388 2934 454 2996 cons.
476 2932 517 2982 0³⁵
539 2933 550 2995 ΙΙ
575 2936 587 2980 3
614 2934 666 2982 hoo
688 2935 769 2996 poulo
786 2937 873 2984 minus
887 2937 1021 2996 probabile
1039 2942 1077 2986 est
1100 2939 1128 2986 io
1149 2937 1183 2987 0¹¹
1202 2943 1317 2990 extitisse

231 3016 311 3068 quam
334 3017 365 3052 eo
390 3004 418 3051 io
446 3001 465 3051 0
481 2997 491 3064 ΙΙ
510 3005 575 3050 4-6
594 3004 632 3052 ilo
649 3002 703 3064 sere
721 3005 755 3052 od
773 3007 939 3066 septentiam,
961 3017 1011 3054 ooo
1031 3007 1065 3056 ad
1082 3007 1187 3066 doctos,
1217 3010 1317 3070 supplet

233 3075 364 3134 Krueper:
396 3073 427 3121 et
455 3069 527 3120 ideo
555 3071 583 3120 si
614 3071 685 3130 quis
717 3071 794 3125 alius
822 3086 872 3136 pro
899 3073 1013 3123 muliere
1044 3074 1134 3124 dotem
1158 3079 1316 3140 promittere

231 3142 312 3200 uelit,
335 3139 487 3189 communi
504 3140 573 3190 iure
592 3140 726 3202 obligare
745 3153 773 3190 se
793 3141 887 3203 debet,
908 3141 936 3190 id
955 3145 996 3192 est
1014 3143 1154 3207 stipulanti
1172 3146 1233 3196 uiro
1252 3161 1317 3211 pro-

232 3213 349 3261 mittere.
367 3209 378 3270 14
397 3211 478 3256 6-44)
498 3207 564 3270 eoos.
583 3207 625 3258 (3³¹
644 3209 654 3271 ΙΙ
674 3213 738 3258 4-9
760 3207 772 3273 4
787 3213 819 3258 96
837 3212 940 3260 initium
957 3213 1128 3274 supplendum
1145 3218 1184 3262 est
1201 3216 1236 3264 ud
1250 3216 1316 3276 Epit.
1445 3207 1447 3276 l

230 3286 257 3341 2,
273 3282 298 3340 9,
314 3282 338 3340 i,
358 3279 402 3327 ubi
419 3278 481 3326 baec
500 3281 603 3328 estaol:
623 3279 690 3327 Item
709 3282 735 3328 et
752 3279 806 3328 alio
825 3291 891 3328 casu
909 3292 963 3330 uno
982 3281 1109 3344 loquente
1122 3285 1149 3332 et
1161 3283 1219 3332 sine
1234 3285 1318 3334 inter·
1445 3277 1447 3314 ί

232 3348 370 3412 rogatIone
388 3347 434 3397 alii
452 3348 626 3411 promittente
645 3347 812 3398 contrahitur
830 3347 968 3412 obligatio,
989 3350 1017 3400 id
1036 3355 1076 3402 est
1094 3351 1116 3400 si
1135 3350 1250 3402 libertus
1268 3366 1316 3417 pa-

232 3421 310 3468 trono
334 3419 381 3466 aut
399 3416 501 3466 donum
520 3419 567 3466 aut
585 3428 685 3466 munus
703 3419 750 3465 aut
768 3430 865 3482 operas
883 3430 912 3468 se
931 3417 1060 3468 daturum
1078 3432 1137 3469 esse
1156 3421 1268 3483 iurauit,
1289 3423 1315 3470 in

232 3500 287 3551 qua
305 3499 335 3536 re
354 3499 436 3548 supra
455 3485 519 3535 dicti
539 3485 629 3535 liberti
648 3489 769 3534 nontam
781 3485 931 3537 uerborum
944 3487 1124 3540 sollemnitate
1138 3502 1220 3552 quam
1235 3492 1315 3542 iuris-

231 3555 338 3606 iurandi
357 3555 485 3618 religione
504 3557 643 3616 tenentur3
665 3553 714 3604 sed
732 3555 805 3605 nulla
824 3555 908 3606 altera
927 3569 1043 3620 persona
1062 3557 1113 3607 hoo
1132 3559 1227 3609 ordine
1246 3559 1316 3609 obli-

232 3625 289 3688 gari
308 3626 405 3688 potest.
426 3623 469 3686 419
489 3624 601 3687 -haeel
622 3626 645 3673 si
664 3624 752 3673 baee‘l
773 3623 792 3675 0
799 3641 807 3684 ,·
827 3625 939 3676 ethaeo
957 3639 1035 3687 quum
1060 3625 1108 3676 sed
1133 3625 1201 3677 haee
1222 3629 1316 3678 Gaium

232 3695 331 3743 dedisse
346 3693 505 3754 probabilius
523 3699 562 3743 est
578 3693 589 3756 ΙΙ
609 3694 665 3744 solo
688 3691 707 3742 θ
726 3693 736 3755 41
755 3693 803 3756 est]
824 3695 857 3743 si
877 3697 913 3756 (iol
931 3699 969 3744 est
980 3695 1057 3756 sedi)
1075 3694 1184 3758 Cleops.
1203 3697 1235 3750 04
1250 3711 1312 3760 pop.

230 3766 282 3813 500
300 3775 370 3811 eers.
387 3762 428 3822 i7)
454 3761 464 3824 14
488 3765 515 3808 44
544 3775 719 3812 romanorum
740 3759 766 3822 C,
787 3768 905 3824 eepeetes
923 3765 1043 3814 Romano
1064 3767 1132 3825 (cum
1150 3765 1313 3826 Poleoaorio)

230 3832 273 3881 uel
286 3831 388 3881 ciuium
401 3831 585 3880 Romanorum
604 3831 615 3892 14
635 3835 666 3879 li
680 3831 747 3881 iuris
761 3831 884 3894 Hollwep,
904 3833 1009 3882 iudrisi
1024 3831 1044 3882 C
1060 3832 1071 3896 ll
1091 3837 1120 3880 43
1137 3839 1197 3894 post
1214 3836 1314 3898 poteri-

232 3913 294 3950 mus
312 3905 358 3950 4444
373 3899 438 3952 nibil
456 3901 484 3948 io
506 3897 628 3949 Ceoelilit
646 3904 692 3950 aut
710 3901 738 3948 in
763 3900 823 3949 aliis
849 3900 942 3950 ualere
965 3903 1008 3951 uel
1031 3903 1113 3952 simile
1135 3902 1233 3965 aliquid
1257 3906 1314 3965 (uiae

231 3971 259 4019 in
277 3970 415 4034 plerisque
433 3967 526 4018 ualere
538 3969 581 4016 4444
593 3969 621 4017 in
634 3968 727 4019 multis
740 3968 842 4028 ualere)
861 3969 872 4031 ΙΙ
893 3973 923 4018 lb
943 3970 1046 4022 inutilis
1061 3970 1199 4033 Goeseben,
1221 3973 1313 4022 inluti-

231 4038 265 4088 lis
280 4039 300 4090 Ο
321 4035 325 4105 4
348 4041 447 4086 44-48
461 4035 584 4102 putabat]
599 4037 739 4100 putabatat
753 4036 772 4086 0
788 4038 799 4101 ΙΙ
818 4041 917 4086 48-49
936 4035 962 4104 4)
980 4041 1014 4088 ad
1029 4041 1089 4089 lost.
1105 4043 1217 4102 eoempli
1228 4044 1313 4106 pratia

230 4109 348 4158 additum
371 4112 408 4158 est
430 4108 493 4156 duee
511 4106 677 4156 Lachmanno
701 4107 711 4169 ΙΙ
737 4110 766 4156 22
794 4106 932 4169 stipulatio
954 4107 1098 4170 Goeseben‚
1124 4110 1244 4175 stipulaq
1270 4110 1310 4168 0¹¹,

231 4176 299 4239 conf.
323 4177 612 4238 camporeperto
630 4175 690 4238 1123
711 4175 873 4225 condicione
895 4175 1032 4238 Goesobeo,
1059 4177 1263 4244 coloondieione
1284 4179 1310 4229 G.

1445 3375 1447 3390 l

1445 3391 1447 3408 l
