2908 4764
280 346 471 412 44444-444
672 384 757 396 ...-
801 349 841 414 38
885 385 971 398 -.

1445 439 1446 470 r

191 536 249 597 too
275 557 371 618 quam
401 538 532 619 quidam
562 537 698 602 mediam
727 547 859 617 uocant,
892 548 948 602 aut
976 540 1118 602 minima.
1163 541 1295 602 Maxima
1318 549 1368 602 est

275 625 386 705 capitis
408 625 593 705 deminutio,
620 645 692 687 cum
715 625 833 706 aliquis
856 627 1005 688 simulet
1028 626 1189 688 ciuitatem
1211 634 1244 688 et
1263 625 1366 688 liber-

275 719 372 772 tatem
394 711 525 789 amittit;
553 729 634 792 quae
657 711 772 774 accidit
793 712 942 790 incensis,
968 712 1025 792 qui
1041 731 1082 774 ex
1096 711 1195 774 forma
1211 709 1446 796 censuaiilipaatt

276 797 385 858 uenire
401 796 568 874 iubentur3
588 796 674 877 quod
690 798 741 859 ius
756 796 1366 880 p---——-—i--

964 903 1004 946 ex
1018 884 1049 945 le
1073 884 1394 962 a———t———a

276 968 332 1048 qui
362 977 470 1031 eontra
500 989 570 1031 eam
592 970 696 1050 legem
718 972 752 1031 in
780 970 861 1032 urbe
883 971 979 1034 Roma
1009 904 1214 1054 doigmicilium
1237 969 1364 1032 habue-
1429 965 1432 974 '

276 1055 356 1131 rint;
395 1056 472 1118 item
501 1055 653 1136 feminae,
693 1075 775 1137 quae
806 1075 847 1118 ex
882 1057 1156 1119 senatusconsulto
1187 1055 1363 1118 Claudiano
1445 1097 1446 1102 κ

276 1141 409 1203 ancillae
432 1141 514 1204 fiunt
535 1160 645 1204 eorum
667 1141 877 1216 dominorum,
903 1142 1023 1222 quihus
1045 1142 1157 1204 inuitis
1179 1151 1211 1204 et
1234 1141 1364 1205 denun-

193 1225 247 1286 464
276 1226 432 1290 tiantibus
461 1247 534 1290 cum
563 1229 667 1291 seruis
698 1248 807 1291 eorum
835 1230 978 1292 coierint.
1025 1229 1125 1290 Minor
1153 1229 1223 1290 siue
1257 1227 1364 1291 media

277 1322 325 1375 est
346 1314 459 1395 capitis
482 1313 659 1394 deminutio,
687 1335 760 1378 cum
782 1315 896 1377 ciuitas
911 1316 1078 1394 amittitur,
1097 1314 1229 1377 libertas
1244 1315 1363 1376 retina-
1380 1327 1406 1373 44

276 1407 347 1475 tur,
382 1398 467 1480 quod
496 1399 612 1462 accidit
642 1402 671 1463 ei
701 1404 754 1464 cui
776 1420 860 1482 aqua
882 1410 914 1462 et
936 1401 1002 1482 igni
1024 1400 1230 1463 interdictum
1252 1399 1361 1462 fuerit.

192 1484 252 1544 462
276 1486 403 1547 Minima
426 1494 475 1548 est
496 1487 610 1567 capitis
632 1487 816 1567 deminutio,
844 1507 917 1550 cum
939 1497 971 1549 et
986 1487 1100 1549 ciuitas
1115 1495 1147 1548 et
1161 1487 1295 1548 libertas
1310 1506 1363 1548 re-
1445 1559 1446 1564 γ

275 1573 405 1651 tinetur,
431 1571 489 1634 sed
505 1582 606 1635 status
621 1575 759 1635 hominis
775 1581 997 1652 commutatam
1025 1571 1111 1654 quod
1126 1572 1241 1635 accidit
1264 1573 1298 1634 in
1313 1573 1363 1634 his
1445 1569 1446 1620 ἶ

277 1658 334 1738 qui
358 1657 558 1739 adoptantur,
585 1661 661 1722 item
684 1661 717 1720 in
732 1655 790 1721 'his
813 1678 895 1740 quae
917 1661 1145 1740 coemptionem
1167 1658 1305 1739 iaciunt,
1333 1666 1364 1720 et

276 1745 310 1804 in
332 1745 381 1806 his
404 1747 463 1824 qui
483 1746 641 1826 mancipio
665 1744 782 1808 dautur
804 1747 925 1826 quique
945 1765 985 1808 ex
1000 1745 1231 1826 mancipatione
1247 1764 1363 1806 mauu·
1380 1757 1406 1802 44

276 1831 466 1910 mittuntur;
503 1831 581 1894 adeo
604 1831 746 1912 quidem,
772 1841 809 1894 ut
831 1831 978 1912 quotiens
1001 1833 1140 1913 quisque
1162 1832 1363 1911 mancipetur
1445 1889 1446 1902 ,

194 1913 253 1973 463
278 1925 333 1978 aut
359 1918 619 1999 manumittatur,
653 1917 769 1981 totiens
793 1918 893 1998 capite
915 1917 1129 1980 deminuatur.
1172 1919 1237 1980 Nec
1260 1917 1362 1979 solum

277 2002 444 2064 maioribus
460 1998 602 2091 (capitis)
625 2002 897 2066 deminutionibus
925 2005 976 2066 ius
1006 2002 1186 2085 agnationis
1219 2021 1363 2065 corrum-

277 2086 375 2167 pitur,
403 2089 459 2150 sed
481 2090 577 2151 etiam
599 2090 747 2167 minima;
774 2100 806 2152 et
827 2089 898 2152 ideo
920 2091 948 2152 si
971 2110 1012 2152 ex
1033 2089 1159 2152 duobus
1182 2087 1294 2151 liberis
1317 2089 1363 2151 al·
1445 2071 1446 2154 i

277 2182 381 2234 torum
403 2183 495 2255 pater
517 2177 777 2257 emancipauerit,
807 2185 879 2257 post
900 2176 1019 2238 obitum
1043 2177 1113 2238 eius
1136 2183 1249 2237 neuter
1270 2175 1363 2237 alteri
1379 2185 1406 2231 44
1445 2165 1446 2190 ¹

193 2257 252 2317 464
278 2259 454 2340 agnationis
476 2262 546 2324 iure
568 2271 655 2325 tutor
676 2282 747 2324 esse
776 2263 903 2344 poterit.
952 2263 1031 2325 Cum
1059 2271 1164 2324 autem
1194 2261 1235 2324 ad
1264 2280 1363 2342 agna·
1445 2279 1446 2282 ’

277 2355 326 2409 tos
349 2348 449 2410 tutela
471 2350 640 2430 pertineat,
667 2368 730 2410 non
753 2349 849 2412 simul
872 2348 912 2410 ad
934 2367 1044 2410 omnes
1066 2349 1216 2429 pertinet,
1243 2347 1301 2410 sed
1323 2345 1363 2410 ad

278 2453 331 2496 eos
354 2442 478 2497 tantum
501 2437 557 2516 qui
580 2438 723 2517 proximo
746 2434 846 2518 gradu
870 2444 955 2497 sunt.
974 2432 987 2518 44

277 2586 481 2603 'VVVVWVVVVW
484 2589 681 2605 WVVVVWVVVN-

347 2656 421 2722 §itt
441 2673 527 2724 usque
541 2659 575 2708 ad
589 2662 602 2707 3
622 2662 715 2710 44444444
727 2679 759 2703 =
773 2659 837 2709 Inst.
854 2661 879 2720 t,
895 2661 935 2719 46,
952 2662 961 2706 4
984 2657 996 2721 14
1014 2656 1026 2722 5
1041 2660 1085 2705 464
1103 2676 1134 2699 =
1148 2657 1212 2707 lust.
1228 2660 1254 2716 t,
1270 2660 1312 2719 46,
1327 2661 1341 2706 2
1354 2654 1364 2721 ΙΙ

278 2723 354 2790 §toi
373 2741 458 2792 usque
476 2728 511 2778 ad
527 2731 558 2776 44
577 2730 621 2789 qai
639 2749 671 2771 =
690 2730 755 2778 inst.
773 2731 855 2789 t‚ts,
871 2731 884 2774 3
903 2723 913 2794 ΙΙ
930 2725 1005 2791 §tot
1026 2747 1057 2768 =
1077 2727 1142 2775 inst.
1157 2729 1182 2786 t,
1198 2729 1238 2786 44,
1254 2729 1279 2774 7.

349 2932 362 2978 4
381 2933 470 2981 ueniri
486 2931 506 2982 C
517 2931 528 2994 ΙΙ
537 2937 597 2993 post
610 2933 651 2982 ius
663 2934 723 2993 qaid
736 2935 832 2983 44444444
842 2933 932 2995 tuerit,
946 2935 1088 2991 444444444,·
1107 2943 1171 2981 scae
1183 2933 1232 2980 4444
1243 2935 1302 2993 apte
1314 2931 1363 2980 4444

279 3000 349 3048 tratti
356 3001 566 3049 44444444444444
576 3000 877 3063 44444444444844444444
886 3004 917 3052 444
927 3003 971 3064 qai
977 3003 1177 3064 paterinorum
1185 3001 1363 3050 dediticiorum

278 3080 387 3117 atacem
404 3071 456 3119 4444
470 3071 606 3131 proposita
618 3067 642 3133 44
654 3070 710 3129 274·
729 3083 791 3119 aava
808 3071 855 3120 hoc
866 3071 920 3120 loco
936 3083 988 3120 4444
1000 3071 1031 3119 de
1043 3071 1076 3119 444
1088 3071 1186 3133 caitae,
1205 3069 1249 3130 qai
1260 3070 1287 3117 44
1299 3069 1363 3117 arbe

280 3137 360 3185 444444
371 3137 414 3186 aet
425 3139 497 3186 tatra
509 3139 674 3187 centesimam
684 3139 828 3195 4444444444
839 3145 931 3188 contra
943 3152 1001 3188 4444
1013 3140 1094 3201 tepeat
1105 3141 1304 3195 cornmoreatar,
1318 3138 1364 3186 444

279 3206 311 3254 de
327 3207 361 3254 444
378 3207 422 3266 qai
446 3206 572 3256 4444444444
595 3207 630 3256 tot
654 3208 775 3256 collocato
799 3209 880 3271 lapara
900 3208 1074 3266 utalaaertat;
1098 3220 1145 3256 444
1167 3219 1232 3256 aero
1257 3206 1363 3255 44444444

280 3275 343 3337 teate
360 3273 448 3324 ,444444
466 3274 570 3326 Sentice
588 3280 790 3326 consectaneum
807 3277 912 3326 44444444
930 3277 1056 3327 44444444
1076 3288 1177 3337 poenae
1200 3275 1295 3334 4444444,
1319 3276 1363 3335 pat

278 3344 306 3391 44
323 3343 388 3392 arbe
406 3343 487 3394 444444
504 3345 547 3394 ael
562 3346 634 3394 44444
652 3347 818 3395 centesiman
835 3347 979 3396 4444444444
996 3345 1151 3395 tantaleam
1170 3344 1361 3396 4444444444444.

280 3412 431 3472 4444444444,
443 3426 502 3462 cam
511 3413 636 3464 morandi
645 3415 808 3474 4444444444,
820 3419 849 3464 44
859 3413 974 3477 degendi
987 3417 1011 3463 44
1022 3412 1197 3476 consistendi,
1209 3413 1244 3461 ad
1255 3413 1363 3461 4444444-

279 3481 343 3530 tiam
362 3483 494 3543 perticere
514 3485 598 3546 possit
616 3483 693 3546 (4444.
712 3483 773 3547 atq.
794 3489 836 3543 444,
857 3489 900 3543 44,
919 3488 979 3542 444,
999 3483 1038 3543 2),
1063 3483 1179 3545 supplet:
1204 3480 1290 3541 quod
1311 3480 1365 3530 ius

278 3551 394 3613 proprie
412 3550 492 3601 hodie
511 3553 538 3602 io
563 3565 617 3603 usu
638 3565 692 3604 non
715 3555 769 3612 est;
795 3551 845 3602 sed
869 3552 1021 3602 libertatem
1044 3563 1149 3615 poenae
1175 3563 1258 3600 causa
1282 3548 1363 3598 hodie

279 3618 406 3668 amittunt
423 3634 462 3671 ex
479 3621 545 3682 lege
563 3622 637 3672 Aelia
656 3622 744 3672 Sentio
769 3622 815 3686 qui
834 3620 1024 3671 dediticiorum
1042 3632 1156 3670 numero
1175 3622 1246 3680 sunt,
1267 3617 1364 3678 siqui

280 3690 391 3738 contra
419 3703 489 3741 eam
518 3691 619 3752 legem
647 3691 683 3742 in
708 3691 787 3742 urbe
811 3691 912 3742 Roma
942 3688 1138 3740 domicilium
1159 3687 1330 3738 habuerint
1354 3683 1365 3752 ΙΙ

280 3755 540 3823 8denuntiantibus]
555 3759 777 3811 denuntiantibus
791 3760 909 3810 dominis
925 3757 1003 3820 C(ea
1014 3758 1178 3822 ptossemata)
1198 3756 1209 3820 ΙΙ
1230 3761 1260 3806 44
1275 3756 1364 3806 demi-

280 3826 356 3875 nutio
376 3827 451 3890 44444,
472 3828 586 3879 dimidia
607 3829 635 3889 c,
661 3829 729 3892 4444.
753 3829 785 3880 0²
799 3842 862 3892 paq.
876 3829 927 3881 274
949 3826 960 3888 ΙΙ
981 3828 1079 3878 ciuitas
1096 3826 1229 3876 amittitur
1252 3825 1364 3875 libertas

283 3893 311 3954 G,
331 3894 429 3945 ciuitas
448 3897 560 3960 quidem
578 3899 712 3948 amittitur
729 3896 841 3948 libertas
858 3909 926 3946 uero
940 3897 1002 3945 4444.
1023 3895 1034 3959 n
1051 3897 1183 3946 retinetur
1201 3895 1277 3954 4444,
1297 3895 1364 3943 reti-

280 3965 390 4014 neretur
411 3963 459 4028 041
480 3969 579 4015 te-ta
599 3967 732 4018 retinetur
750 3967 823 4027 4444,
850 3966 1011 4016 retineretur
1032 3965 1080 4028 041
1100 3968 1130 4014 45
1150 3964 1197 4028 qui
1222 3963 1362 4024 desectae,

280 4046 333 4096 qua
348 4032 375 4093 G,
395 4035 462 4097 eoas.
480 4033 511 4085 0²
524 4049 587 4099 paq.
602 4039 654 4088 244
670 4049 740 4087 aera.
755 4041 771 4089 2
789 4037 801 4099 ΙΙ
819 4039 850 4084 tt
864 4033 1033 4084 diminuatur
1048 4033 1187 4092 decoctae,
1206 4032 1364 4082 diminuan-

280 4105 325 4152 tur
340 4101 360 4152 G
377 4103 387 4166 ΙΙ
409 4107 439 4152 48
458 4105 609 4156 maioribus
630 4105 768 4162 Goesatea,
789 4106 891 4155 maiore
908 4101 927 4153 G
945 4101 956 4166 ΙΙ
973 4103 1069 4166 cupitis
1087 4104 1148 4153 add.
1168 4102 1295 4161 4444444444,
1314 4113 1363 4150 ora.

282 4170 311 4229 G,
332 4171 399 4235 4444.
424 4173 455 4224 0⁸
469 4188 533 4239 paq.
547 4176 598 4228 274
615 4187 686 4225 aare.
700 4179 733 4226 24
752 4173 763 4236 ΙΙ
782 4171 934 4237 agnationis
955 4171 1093 4232 Goesctea,
1113 4171 1278 4234 adgnitionis
1299 4169 1326 4222 0.
