2908 4764
103 882 125 942 <i

11 3731 13 3764 ι

481 357 568 370 ...-
613 324 672 385 113
716 357 803 367 -..
1006 324 1041 373 ιιι
1059 320 1185 386 tto-aa

101 515 283 578 tabularum
313 514 423 577 datum
452 523 511 574 est.
558 533 617 574 neo
644 515 729 574 enim
751 523 788 575 ut
810 522 919 574 eontra
941 513 1066 575 tabulas
1087 521 1187 574 testo-
1242 511 1245 518 ’

103 603 204 664 menti
227 603 342 680 ingrati
364 599 471 662 liberti
494 600 547 662 uel
570 599 611 660 ab
633 601 781 661 intestato
804 609 913 660 eontra
935 599 1036 660 filium
1061 598 1186 680 adopti-

100 709 181 750 uum
209 689 263 749 uel
290 706 421 749 uxorem
450 705 610 748 nurumue
640 685 795 749 bonorum
825 687 1056 766 possessiouem
1086 686 1186 765 partis

101 773 256 836 dimidiae
279 782 442 854 peterent,
469 782 597 852 praetor
618 773 764 834 similiter
785 781 820 833 ut
843 771 882 833 de
904 782 1036 852 patrono
1059 771 1187 833 liberis·

49 860 78 921 tt
127 880 170 922 ue
193 860 262 921 eius
285 859 425 922 ourabat.
467 857 531 920 Sed
553 859 606 920 lex
628 859 722 939 Papia
744 858 869 920 duobus
892 858 1003 920 liberis
1018 859 1218 920 honorataeo

102 950 263 1027 ingenuae
285 955 444 1026 patronae,
464 943 477 1028 Η
492 945 661 1006 libertinae
682 943 796 1023 tribus,
823 943 933 1006 eadem
956 944 1021 1006 lere
1044 947 1113 1005 iura
1129 944 1290 1022 de-pgntt

103 1033 155 1094 dit
183 1051 266 1113 quae
297 1052 337 1092 ex
367 1031 470 1094 edicto
497 1032 655 1110 praetoris
677 1031 802 1112 patroni
825 1029 957 1107 habeut,
990 1031 1088 1092 trium
1109 1051 1186 1092 uero

103 1119 278 1181 liberorum
300 1120 368 1180 iure
390 1118 558 1179 honoratae
581 1118 739 1198 ingenuae
761 1127 913 1197 patronae
937 1135 973 1178 ea
996 1119 1065 1178 iura
1084 1116 1183 1197 dedit,

105 1225 192 1286 quae
215 1223 274 1284 per
295 1203 426 1266 eandem
449 1204 553 1283 legem
574 1213 705 1283 patrono
727 1203 799 1265 data
821 1213 913 1278 sunt3
939 1203 1107 1264 libertinae
1129 1221 1187 1264 au-

50 1293 76 1352 tt
103 1302 170 1353 tem
200 1300 348 1370 patronae
377 1309 440 1352 non
470 1289 557 1350 idem
586 1290 665 1352 iuris
693 1284 860 1370 praestitit.
908 1288 998 1362 Quod
1020 1299 1124 1350 autem
1147 1287 1187 1350 ad
1209 1305 1238 1350 tt

104 1377 328 1439 libertinarum
346 1377 428 1438 bona
442 1378 591 1457 pertinet,
617 1375 777 1457 siquidem
793 1377 960 1436 intestatae
976 1375 1183 1454 decesserint,

105 1464 187 1524 nihil
217 1463 291 1523 noni
319 1473 470 1543 patronae
496 1462 607 1524 liberis
637 1463 807 1524 honoratae
834 1463 888 1523 lex
910 1463 1004 1542 Papia
1031 1470 1185 1542 praestat.

104 1553 215 1630 itaque
245 1550 271 1610 si
300 1568 406 1630 neque
436 1551 504 1629 ipsa
532 1557 666 1628 patrona
696 1567 801 1629 neque
829 1549 946 1610 liberta
967 1550 1064 1628 eapite
1086 1547 1188 1610 demi-

105 1645 186 1698 nuta
208 1635 263 1713 sit,
289 1655 330 1696 ex
352 1635 421 1716 lege
443 1637 490 1696 ιιῖι
512 1633 692 1696 tabularum
714 1633 755 1696 ad
777 1653 847 1695 eam
868 1632 1027 1696 hereditas
1050 1637 1189 1715 pertinet

106 1731 139 1784 et
162 1720 376 1783 exeluduntur
397 1721 530 1782 libertae
553 1721 663 1796 liberi;
696 1719 783 1802 quod
810 1721 889 1782 iuris
912 1728 960 1781 est
981 1722 1075 1782 etiam
1098 1721 1126 1781 si
1148 1721 1188 1780 li·
1208 1735 1238 1782 tt

104 1809 194 1870 beris
217 1808 366 1869 honorata
387 1827 449 1868 non
473 1807 514 1868 sit
535 1816 682 1886 patrona;
708 1825 883 1887 numquam
906 1806 1003 1885 enim,
1031 1807 1113 1868 siout
1134 1825 1190 1868 su-

106 1912 165 1975 pra
196 1892 351 1972 diximus,
384 1893 521 1954 feminae
551 1912 645 1954 suum
667 1892 816 1954 heredem
839 1893 958 1955 habere
980 1901 1121 1972 possunt.
1162 1893 1189 1953 si

108 1999 184 2042 uero
207 1981 260 2042 uel
282 1980 378 2042 huius
399 1981 453 2041 uel
469 1980 554 2040 illius
570 1980 681 2060 capitis
697 1978 872 2040 deminutio
888 1979 1091 2057 interueniat,
1116 1997 1189 2040 rur-

108 2085 164 2128 sus
187 2065 282 2128 liberi
303 2066 436 2128 libertae
459 2064 635 2127 excludunt
656 2074 831 2145 patronam,
859 2066 932 2146 quia
956 2065 1096 2145 legitimo
1119 2066 1188 2126 iure

109 2154 218 2233 eapitis
241 2150 443 2214 deminutione
461 2161 627 2232 perempto
650 2153 773 2230 euenit,
806 2160 842 2213 ut
863 2151 957 2213 liberi
981 2151 1114 2213 libertae
1136 2171 1190 2212 eo-
1208 2165 1239 2211 m

56 2239 87 2299 tl
110 2240 268 2319 guationis
290 2237 359 2299 iure
380 2239 519 2318 potiores
542 2236 731 2299 habeantur.
773 2237 851 2300 Cum
874 2246 980 2298 autem
1002 2247 1190 2299 testamento

110 2323 190 2386 iacto
213 2325 346 2386 moritur
367 2324 499 2403 liberta,
529 2343 565 2385 ea
589 2323 718 2405 quidem
741 2334 874 2404 patrona
897 2341 979 2403 quae
1003 2323 1114 2384 liberis
1135 2322 1191 2383 lto-

112 2420 222 2474 norata
243 2429 306 2472 non
329 2419 387 2489 est,
413 2411 493 2472 nihil
516 2411 597 2471 iuris
619 2409 715 2471 habet
737 2419 843 2471 eontra
866 2408 996 2470 libertae
1019 2418 1190 2470 testamen-

112 2506 195 2574 tum3
228 2499 260 2558 et'
286 2515 363 2558 uero
386 2516 469 2577 quae
492 2495 603 2558 liberis
625 2497 773 2558 honorata
795 2497 853 2574 sit,
886 2496 943 2556 hoe
965 2498 1016 2556 ius
1038 2495 1191 2555 tribuitur

111 2601 170 2662 per
195 2583 296 2664 legem
318 2583 459 2662 Papiam,
493 2581 579 2662 quod
601 2581 697 2645 habet
719 2601 759 2644 ex
782 2581 885 2644 edieto
907 2589 1060 2660 patronus
1082 2587 1190 2640 eontra
1208 2594 1240 2641 2⁵

111 2668 233 2731 tabulas
254 2667 369 2730 liberti.

58 2753 90 2812 53
198 2752 320 2838 'Eadem
343 2755 397 2816 lex
419 2763 570 2834 patronae
594 2753 658 2815 filio
678 2754 788 2815 liberis
810 2755 961 2816 honorato
975 2749 1043 2836 -Ι
1066 2753 1190 2833 patroni

115 2841 179 2902 iura
203 2839 307 2916 dedit;
334 2840 392 2903 sed
415 2842 448 2902 in
471 2841 568 2902 huius
590 2859 724 2920 persona
740 2841 835 2902 etiam
849 2841 946 2902 unius
962 2836 974 2922 ll
991 2839 1048 2900 filii
1064 2838 1188 2900 filiaeue
1198 2850 1291 2913 pgnto

115 2925 164 2988 ius
185 2926 309 2990 suffieit.

59 3010 92 3070 tt
196 3015 352 3075 Hactenus
374 3013 478 3075 omnia
502 3013 571 3074 iura
593 3015 685 3093 quasi
706 3031 766 3092 per
786 3011 924 3074 indicem
946 3012 1089 3092 tetigisse
1113 3011 1189 3073 satis
1209 3024 1239 3070 tt

116 3108 178 3176 est3
204 3099 342 3180 alioquin
365 3099 549 3179 diligentior
569 3099 789 3180 interpretatio
806 3098 942 3179 propriis
958 3098 1190 3159 commentariis

117 3187 254 3266 exposita
275 3195 334 3247 est.

61 3353 96 3412 hh
198 3357 349 3438 Sequitur
370 3366 406 3418 ut
428 3354 468 3417 de
491 3356 584 3418 bouis
599 3356 778 3418 Latinorum
802 3354 1025 3416 libertinorum
1041 3354 1192 3435 dispitia-

181 3553 234 3620 §et
257 3553 347 3618 snpra]
368 3553 439 3620 543,
460 3553 530 3607 eous.
549 3555 736 3619 supplementa
754 3554 828 3604 illius
845 3553 1014 3618 paragraphi.

183 3740 211 3785 ta
232 3736 320 3800 eapite
338 3735 487 3799 deminuta]
508 3736 574 3798 conf.
593 3735 625 3787 (3Ε
639 3749 701 3800 paq.
715 3738 766 3789 27⁵
784 3739 887 3786 uerat
909 3733 920 3798 11
944 3737 974 3782 2⁰
994 3735 1091 3799 eapitis
1104 3733 1192 3784 demi-

122 3804 232 3867 nutione]
247 3805 556 3868 eons.G²pa9.271ttnf.
575 3805 586 3868 ΙΙ
603 3807 743 3869 perempto
759 3804 897 3863 Goesehen,
917 3805 1049 3867 ierempto
1065 3802 1091 3862 G,
1106 3804 1192 3852 inter·

123 3877 204 3937 empto
217 3873 344 3936 Boeeltinp
359 3873 435 3936 (conf.
454 3873 486 3924 C·
500 3887 563 3938 paq.
577 3877 636 3935 272)
656 3873 668 3938 ῃ
687 3876 717 3922 hl
738 3875 763 3922 ei
783 3873 920 3935 Geescheo,
941 3886 972 3922 ea
988 3872 1008 3924 C
1024 3872 1035 3935 11
1054 3875 1084 3920 27
1104 3871 1191 3920 hono-

122 3943 214 4007 rato—]
234 3942 431 3993 honoratoerei
452 3941 480 4002 C,
506 3943 638 3993 honorato
662 3941 718 3992 iere
744 3943 862 4005 Krneper
880 3942 959 4002 (Krit.
984 3941 1109 3991 Versnche
1129 3951 1190 4000 puy.

126 4011 187 4073 ⁴27),
205 4012 336 4062 honorato
349 4012 403 4060 ciui
416 4011 534 4062 Romano
547 4013 689 4062 Mommsen
709 4011 785 4073 (conf.
803 4009 834 4060 θ’
848 4023 911 4074 pop.
925 4011 986 4070 261)
1005 4009 1016 4073 ΙΙ
1035 4013 1066 4058 27
1082 4009 1118 4068 (in
1128 4006 1189 4070 fine)

123 4083 241 4139 patronae
256 4080 389 4130 Gondemit
406 4079 417 4144 ΙΙ
436 4084 466 4128 tt
485 4082 576 4131 omnia
592 4080 619 4138 C,
639 4085 831 4142 expensae.
851 4080 918 4129 haee
936 4080 1028 4128 omnia
1044 4077 1055 4140 ΙΙ
1071 4075 1191 4125 indicem

125 4157 154 4194 en
170 4149 299 4200 iudieeem
319 4142 495 4200 eoirectan
513 4150 524 4214 ΙΙ
545 4154 575 4198 tt
595 4148 784 4199 libertinorum
797 4153 826 4198 nt
836 4149 964 4212 pleneme
975 4147 1039 4196 delet
1052 4145 1190 4194 Peleneer.

173 4246 246 4290 (inne.
972 4253 985 4298 8
