2908 4764
461 417 548 430 ..-
594 386 651 446 111
696 417 785 428 .-
983 385 1019 434 ιιι
1036 381 1162 448 §ts-st

88 572 300 634 sestertiorum
322 579 442 632 mrum
464 570 584 632 milium
595 571 736 652 plurisuc
750 572 976 652 patrimonium
991 573 1162 655 reliquerit,

86 667 115 719 et
135 658 302 738 pauciores
323 677 421 738 quam
442 666 509 718 tres
530 658 649 719 liberos
670 658 813 736 babebit,
837 657 908 719 siue
930 659 958 719 is
975 667 1165 720 testamento
1229 733 1236 744 ·

87 743 162 804 lacto
191 744 263 805 siue
285 743 433 804 intestato
453 753 597 805 mortuus
618 745 698 822 erit,
730 745 835 806 uirilis
856 763 933 824 pars
953 755 1085 824 patrono
1107 744 1166 806 de-

86 829 207 892 beatur.
249 830 358 909 itaque
380 849 454 890 cum
479 849 581 891 uuum
608 829 711 891 lilium
731 849 870 891 unamue
892 829 991 890 filiam
1012 828 1165 892 heredem

87 916 253 996 reliquerit
273 915 426 994 libertus,
452 915 588 996 proinde
610 935 686 996 pars
707 915 840 978 dimidia
861 926 994 996 patrono
1015 916 1161 995 debetur,
1182 931 1198 978 s

86 1021 118 1063 ae
137 1002 165 1063 si
181 1003 253 1063 siue
267 1002 333 1063 ullo
348 1001 413 1062 lilio
428 1001 536 1064 liliaue
551 1012 742 1079 moreretur;
768 1021 841 1063 cum
855 1020 931 1064 uero
945 1000 1027 1064 duos
1041 1001 1164 1064 duesue
1208 1029 1212 1034 ·

85 1085 219 1149 heredes
241 1088 424 1168 reliquerit,
457 1088 551 1150 tertia
572 1107 648 1168 pars
669 1088 822 1160 debetur;
853 1089 881 1149 si
902 1097 970 1149 tres
992 1088 1162 1168 relinquet,
1253 1101 1256 1106 “

80 1174 253 1254 repellitur
272 1184 438 1254 patronus.

15 1347 66 1430 ssli
165 1345 203 1406 ln
231 1344 325 1406 bonis
352 1343 577 1406 libertinarum
606 1346 727 1406 nullam
757 1345 908 1408 iniuriam
936 1346 1068 1426 antiquo
1094 1345 1165 1408 iure

15 1437 17 1492 l
86 1431 287 1510 patiebantur
307 1432 442 1512 patroni
480 1449 553 1492 cum
575 1433 661 1492 enim
682 1433 791 1493 bacin
805 1441 1010 1512 patronorum
1025 1432 1166 1512 legitima
1184 1447 1216 1491 to

85 1517 179 1578 tutela
202 1527 328 1595 essent,
360 1537 425 1579 non
447 1517 541 1580 aliter
561 1517 684 1579 seilicet
704 1527 928 1580 mentum
949 1519 1053 1580 iacere
1074 1527 1166 1598 pote·

85 1613 271 1684 remquam
301 1613 434 1684 patrono
463 1612 603 1666 auctore.
645 1605 755 1684 itaque
780 1605 850 1667 siue
872 1613 982 1667 auctor
1001 1602 1044 1665 ad
1064 1612 1165 1666 testa·

15 1763 16 1768 γ
86 1699 225 1750 mentum
251 1685 455 1772 iaciendum}
482 1689 584 1750 iactus
609 1698 682 1751 erut
700 1702 1269 1765 -———-—-—pg.tsu

15 1789 16 1792 ’
483 1776 1163 1838 relict———-——-——

421 1859 538 1942 felonis
570 1870 658 1940 erat,
699 1860 884 1944 sequebatur
919 1861 1096 1940 bereditas;
1138 1865 1166 1924 si
1185 1875 1217 1922 ⁴5

86 1963 159 2007 uero
180 1955 291 2007 auctor
308 1943 315 2029 Ι
333 1947 364 2008 ei
385 1946 484 2010 lacum
505 1967 570 2008 uon
591 1958 670 2024 erat,
696 1957 728 2008 et
749 1947 899 2010 intestata
918 1948 1036 2010 liberta
1049 1951 1167 2011 morie-

86 2029 188 2110 batur,
216 2029 221 2115 Ι
245 2030 286 2094 ad
307 2067 1166 2078 ——-—--—-——————-——-—-

87 2113 326 2202 -perltinebat
349 2120 507 2180 necerim
517 2118 1165 2204 ullusolim———-———-l

88 2213 189 2282 posset
219 2213 388 2284 patronum
423 2225 441 2266 a
469 2204 562 2266 honis
589 2205 720 2267 libertae
1049 2205 1167 2288 relpel-

39 2291 69 2351 ll
88 2287 162 2350 lere.
211 2289 275 2351 Sed
302 2300 412 2370 postea
441 2291 495 2353 lex
516 2292 612 2372 Papia
634 2310 707 2354 cum
729 2302 881 2372 quattuor
901 2291 1075 2353 liberorum
1097 2293 1168 2354 iure
1185 2305 1217 2351 ao

88 2373 251 2437 libertinas
284 2378 385 2438 tutela
413 2387 619 2458 patronorum
647 2377 799 2440 liberaret
833 2387 867 2439 et
900 2397 938 2439 eo
966 2377 1059 2440 modo
1090 2396 1168 2439 con-

88 2461 214 2524 cederet
242 2464 290 2524 eis
319 2465 416 2525 etiam
444 2465 514 2525 siue
544 2463 667 2545 tultoris
695 2463 881 2526 auctoritate
911 2463 1041 2524 medere
1074 2471 1168 2526 testo-

87 2556 233 2626 mom,
262 2552 441 2630 prospexit,
477 2547 481 2631 l
509 2559 545 2612 ut
573 2569 631 2630 pro
659 2569 792 2612 numero
822 2549 992 2612 liberorum
1025 2567 1099 2629 quos
1127 2550 1168 2610 44-

154 2826 165 2870 4
189 2824 375 2874 sestertiorum
393 2825 472 2884 lost„
497 2826 685 2875 sestertiorum
703 2825 764 2874 iiSi
784 2825 805 2875 c
822 2827 947 2884 (munem
964 2823 1030 2886 cons.
1053 2823 1086 2874 04
1099 2837 1162 2886 pop.

88 2893 137 2944 tet
153 2898 256 2941 uerus
273 2898 299 2942 st
312 2906 374 2956 paq.
385 2895 461 2954 m),-
479 2908 515 2943 us
532 2895 685 2944 sestertium
703 2893 885 2944 scribendum?
902 2895 988 2955 ipsum
1007 2893 1101 2942 Guium
1115 2905 1165 2953 per

89 2961 232 3020 scripturae
249 2964 427 3024 coctpccdium
443 2971 485 3014 {ss
502 2965 638 3024 scripsisse
659 2965 718 3012 ueri
734 2968 772 3012 est
789 2963 947 3012 statutorum
968 2962 980 3026 l
1005 2965 1014 3009 4
1036 2962 1166 3022 ssspptcuit

90 3026 206 3078 lietscltlsc
222 3031 257 3078 od
269 3031 343 3090 lost„
363 3045 380 3080 u
397 3032 489 3092 quibus
506 3031 628 3095 plurisue
641 3033 725 3090 obcst;
743 3032 789 3080 sed
800 3031 866 3093 coos.
882 3031 914 3082 C·
931 3031 943 3094 l
959 3030 1076 3080 millium
1089 3031 1162 3089 lost,

89 3097 202 3147 militis?
217 3097 246 3157 C,
265 3100 331 3161 coos.
345 3099 378 3149 0·
391 3113 454 3163 paq.
465 3103 516 3154 278
528 3101 576 3162 ios.
594 3101 607 3163 fl
625 3105 639 3149 ³
657 3101 710 3149 erit
723 3099 751 3158 C,
770 3105 890 3160 aperies
906 3099 989 3149 luerit
1005 3100 1016 3162 Ι]
1034 3103 1048 3148 4
1069 3112 1166 3148 unam·

89 3176 121 3214 ue
143 3165 228 3216 liliam
255 3167 282 3224 C,
307 3167 427 3218 liliamue
450 3170 513 3219 lost.
533 3171 578 3231 l⁵
600 3169 715 3232 proinde
735 3169 756 3220 G
779 3168 859 3230 (conf.
875 3167 938 3230 θ’),
956 3168 1071 3232 perinde
1088 3169 1163 3226 lost,

89 3234 152 3296 coos.
175 3234 209 3285 0²
223 3242 352 3298 popm
374 3238 385 3300 l
407 3242 422 3286 6
447 3239 470 3287 si
496 3237 533 3288 Gi
554 3238 632 3300 (cous.
655 3236 718 3297 (Ἃ),
744 3239 767 3288 si
789 3239 814 3288 is
837 3238 901 3287 lost.
925 3237 937 3300 Ι
961 3239 1116 3288 moreretur
1135 3235 1163 3294 C,

89 3304 203 3354 testatus
219 3305 383 3356 decessisset
401 3307 463 3356 lost.
482 3309 555 3356 codd.
574 3308 681 3368 meoet,
706 3308 753 3356 olii
770 3307 842 3355 codd.
864 3307 926 3357 lost.
951 3308 1092 3356 intestatus
1115 3305 1166 3355 de-

89 3373 216 3422 cessisset
237 3373 249 3434 ll
271 3386 337 3424 uero
357 3375 390 3433 C,
415 3387 466 3424 om.
486 3373 581 3438 lusti
604 3381 618 3424 7
637 3375 753 3426 debetur
772 3375 915 3436 Gocsclscrt,
941 3374 1024 3424 debet
1044 3374 1075 3436 C,
1095 3373 1163 3435 conf.

91 3437 120 3488 4)
134 3453 198 3504 paq.
211 3446 264 3492 506
281 3442 292 3505 i
310 3445 332 3493 si
352 3444 381 3503 C,
394 3447 525 3508 patrouo;
546 3447 569 3495 si
582 3445 645 3495 lost.
664 3444 676 3508 fl
692 3443 844 3508 reliquatG
861 3445 872 3506 ΙΙ
891 3447 990 3493 43-45
1008 3445 1118 3494 lucum
1129 3445 1166 3492 sic

90 3511 122 3557 ori
138 3513 293 3560 sententium
310 3515 422 3574 exempli
438 3517 527 3576 qratia
544 3515 661 3575 suppleri
675 3527 751 3575 posse
768 3518 872 3563 ccmeot
887 3513 944 3574 [erc
955 3513 1073 3576 limeqor
1084 3511 1164 3574 (coos.

89 3577 216 3628 Kritiscbe
232 3579 357 3631 Versocie
371 3595 434 3644 paq.
449 3587 499 3635 452
510 3584 573 3644 seq.)
592 3587 616 3632 et
627 3581 745 3632 iiuscltlrr
756 3584 796 3643 (io
806 3583 916 3631 editore
926 3583 1045 3642 qoortu):
1055 3581 1166 3640 itaque

15 3709 16 3712 Ἰ
89 3645 155 3698 siue
172 3649 343 3700 auctorati
359 3653 583 3702 commentum
600 3651 780 3702 fouendum
800 3646 804 3716 Ι
824 3651 928 3701 factm
945 3653 1020 3711 erat,
1044 3653 1091 3700 aut
1113 3649 1166 3699 sibi

89 3715 214 3780 inputare
231 3717 361 3779 debebat,
382 3721 455 3783 quod
474 3719 553 3770 heres
570 3719 605 3770 ob
623 3733 655 3769 es
675 3717 681 3785 Ι
699 3720 822 3771 relictus
840 3733 895 3768 nou
912 3723 986 3780 erat,
1011 3721 1059 3768 sut
1076 3720 1164 3782 ipsum

89 3797 120 3833 ex
131 3787 303 3849 testamento,
323 3790 346 3838 si
359 3788 438 3839 heres
454 3786 561 3854 lalctus
571 3792 649 3848 eret,
666 3789 847 3852 sequebatur
856 3787 1018 3840 hereditas
1035 3788 1047 3852 [l
1065 3790 1165 3836 lo—it

15 3875 16 3916 1
89 3854 152 3916 cous.
170 3853 213 3904 0²·
229 3856 240 3918 ΙΙ
258 3859 290 3905 44
300 3860 454 3918 procerum
467 3864 528 3920 post
545 3859 580 3908 ud
598 3860 682 3908 mcum
693 3863 803 3921 opporct
813 3863 860 3908 oet
872 3862 1016 3921 patronum
1028 3869 1167 3918 occupasse

89 3927 133 3972 out
146 3937 301 3985 pronomen,
320 3939 370 3987 quo
387 3927 427 3976 bic
444 3929 636 3992 siqciflcoretur
652 3925 664 3989 l
683 3930 714 3974 49
733 3931 825 3990 posset
836 3927 995 3986 Lucbmorto,
1015 3927 1103 3990 possit
1121 3923 1141 3973 C
1156 3920 1167 3988 ΙΙ

91 3994 189 4041 48-44
208 3993 275 4044 icoc
290 3994 346 4056 sere
362 3999 516 4045 crumilum
534 3999 568 4057 (si
585 3997 678 4046 codicis
698 3995 718 4045 G
741 3998 827 4057 spatio
844 3996 978 4058 oeqleqere
1002 3996 1072 4054 licet,
1096 3991 1164 4053 coos.

92 4058 143 4120 θ’]
162 4066 323 4122 cmpressisse
339 4066 444 4114 emetur
464 4065 562 4115 Gcism
586 4077 644 4114 nee
667 4064 753 4116 enim
775 4064 860 4116 ullus
882 4064 958 4114 olim
981 4062 1016 4114 ab
1040 4062 1165 4110 intestato

90 4126 167 4180 ireres
185 4130 231 4180 uel
254 4130 388 4182 bonorum
411 4136 640 4197 possessorem,
665 4135 711 4196 qui
730 4136 834 4193 posset
850 4136 1021 4194 patronum
1037 4143 1056 4180 a
1073 4129 1167 4180 bonis

88 4195 209 4249 libertae
227 4201 343 4252 inuitum
362 4201 509 4263 repellere
526 4202 538 4265 41
557 4205 588 4250 23
607 4203 745 4267 prospexit
762 4216 784 4253 e.
797 4217 822 4265 q.
843 4203 972 4263 srrpptour‘t
992 4199 1129 4250 Gosscicre
