2966 4758
513 358 601 374 .....
646 325 704 386 151
749 357 836 372 ....
1006 325 1222 390 4444404-444

135 514 218 574 intra
243 531 363 575 annum
386 511 561 593 quadrupli
588 511 704 594 [aetio],
738 522 809 594 post
831 531 951 576 annum
974 515 1093 596 simpli.
1140 533 1222 596 quae

135 601 214 661 actio
231 599 322 660 utilis
338 607 396 676 est,
412 599 470 661 etsi
487 600 560 680 quis
575 617 674 663 unum
690 618 768 678 rem,
784 599 859 662 licet
874 599 1049 680 minimam,
1064 603 1219 682 rapuerit.

12 719 13 766 3
62 685 113 744 244
219 685 333 746 Damni
356 683 492 746 iniuriae
515 686 595 746 aetio
620 686 827 748 constituitur
847 705 906 766 per
928 685 1030 766 legem
1045 687 1218 768 Aquiliam,

135 771 227 832 ouius
251 771 352 851 primo
376 771 479 851 capite
502 779 632 833 cautum
656 779 714 850 est,
742 768 805 856 (ut)
828 772 856 833 si
878 773 952 851 quis
967 772 1126 834 hominem
1141 774 1252 834 alie-t

134 875 211 918 num
228 854 241 940 ΙΙ
257 857 436 919 alienamue
460 855 703 938 quadrupedem
726 876 806 938 quae
825 857 984 938 pecudum
1006 877 1140 921 numero
1162 861 1214 935 sit,
1228 871 1323 933 putas

134 943 252 1005 iniuria
275 941 442 1022 occiderit,
469 945 581 1023 quanti
604 962 641 1004 ea
662 962 713 1004 res
736 945 769 1004 in
793 961 830 1004 eo
853 962 935 1005 anno
957 943 1086 1024 plurimi
1109 945 1215 1027 luerit,

60 1026 106 1088 244
133 1037 255 1090 tantum
280 1027 407 1090 domino
431 1027 507 1090 dare
523 1028 702 1092 damnetur.
742 1031 864 1092 Iniuria
887 1038 993 1092 autem
1009 1029 1152 1093 occidere
1167 1031 1220 1092 in-

132 1115 305 1196 tellegitur,
333 1115 424 1176 cuius
446 1113 518 1176 dolo
540 1122 593 1178 aut
616 1115 711 1195 eulpa
733 1114 767 1176 id
790 1114 957 1194 acciderit,
984 1135 1044 1178 nee
1065 1117 1132 1180 ulla
1156 1117 1217 1180 alia

133 1201 201 1282 lage
225 1201 377 1263 damnum
400 1200 487 1281 quod
509 1201 577 1262 sine
600 1201 721 1263 iniuria
735 1199 840 1278 datur,
867 1201 1129 1282 reprehenditur3
1156 1203 1218 1266 ita-

132 1305 195 1366 que
219 1287 389 1368 inpunitus
413 1287 540 1367 estqui
563 1287 632 1350 sine
655 1287 748 1367 eulpa
771 1296 804 1348 et
825 1287 896 1350 dolo
918 1289 1000 1350 malo
1029 1307 1105 1351 casu
1135 1307 1216 1370 quo-
1234 1302 1266 1347 40

12 1415 14 1438 4
55 1370 109 1432 242
133 1373 205 1435 dam
238 1373 390 1435 damnum
421 1373 597 1434 committit.
651 1374 715 1435 Nee
743 1374 846 1435 solum
876 1393 991 1454 eorpus
1027 1374 1060 1436 in
1092 1375 1215 1439 actione

130 1459 230 1520 huius
252 1459 333 1539 legis
356 1459 559 1536 aestimatur;
590 1457 647 1520 sed
668 1477 745 1520 sane
768 1460 796 1522 si
819 1478 912 1522 seruo
936 1461 1037 1522 occiso
1059 1461 1135 1541 plus
1158 1460 1216 1523 do·
1283 1531 1285 1536 ,

131 1545 238 1606 minus
262 1544 366 1625 capiat
388 1543 496 1606 damni
527 1563 624 1624 quam
646 1545 787 1625 pretium
816 1546 903 1608 serui
933 1547 989 1625 sit,
1023 1545 1057 1607 id
1086 1566 1214 1628 quoque

130 1631 328 1708 aestimatur,
353 1631 456 1692 ueluti
479 1631 506 1692 si
522 1649 637 1692 seruus
653 1650 744 1693 meus
760 1631 799 1694 ah
815 1631 922 1711 aliquo
931 1631 1031 1714 ,heres
1046 1633 1214 1696 institutus

129 1725 303 1796 antequam
325 1717 417 1778 iussu
439 1716 509 1778 meo
531 1716 741 1779 hereditatem
763 1726 925 1798 cerneret,
950 1717 1072 1790 occisus
1095 1717 1209 1798 luerit3
1234 1731 1264 1778 40

129 1821 191 1864 non
216 1803 301 1864 enim
323 1810 448 1864 tantum
471 1802 574 1883 ipsius
597 1803 738 1883 pretium
761 1804 957 1883 aestimatur,
987 1804 1045 1867 sed
1067 1813 1099 1867 44
1120 1806 1215 1868 here-

129 1887 239 1950 ditatis
262 1889 396 1950 amissae
419 1889 593 1968 quantitas,
641 1889 717 1950 item
739 1889 767 1950 si
790 1909 831 1950 ex
852 1889 995 1970 gemellis
1021 1891 1076 1952 uel
1098 1911 1140 1954 ex
1160 1912 1214 1954 co-

128 1973 249 2038 moedis
271 1975 326 2036 uel
348 1993 388 2036 ex
410 1975 639 2056 symphoniacis
661 1994 746 2038 unus
761 1977 884 2040 occisus
899 1976 1006 2056 4444444,
1032 1995 1095 2040 non
1111 1978 1214 2040 solum

128 2060 223 2122 occisi
246 2060 283 2122 fit
304 2061 493 2139 aestimatio,
519 2060 577 2123 sed
599 2081 636 2123 eo
652 2061 791 2142 amplius
807 2058 869 2146 (id)
886 2081 1006 2144 quoque
1020 2073 1214 2145 conputatur

127 2145 214 2226 quod
237 2148 335 2208 ceteri
358 2147 415 2226 qui
437 2155 622 2227 supersunt,
650 2147 818 2228 depretiati
840 2157 922 2210 sunt.
962 2148 1049 2211 idam
1067 2150 1148 2212 iuris
1164 2159 1213 2214 est
1231 2161 1262 2208 24

127 2233 223 2294 etiam
238 2233 274 2294 si
298 2251 338 2293 ex
360 2233 430 2313 pari
452 2234 611 2295 mularum
640 2252 737 2294 unam
766 2235 821 2296 uel
851 2234 946 2296 etiarn
977 2253 1017 2296 ex
1046 2235 1212 2318 quadrigis

52 2316 103 2378 243
127 2337 281 2399 equorum
303 2338 404 2380 unum
427 2318 589 2380 occiderit.
630 2319 728 2382 Cuius
751 2327 857 2380 autem
880 2339 996 2382 seruus
1011 2322 1134 2404 occisus
1149 2331 1207 2402 est,

126 2405 153 2466 is
175 2403 315 2466 liberum
338 2405 505 2468 arbitrium
525 2403 621 2466 habet
635 2405 689 2466 uel
705 2405 833 2485 capitali
849 2406 983 2468 erimine
1000 2425 1091 2469 reum
1106 2406 1211 2470 400044

51 2489 103 2550 244
127 2510 202 2554 444444
226 2490 283 2570 qui
306 2489 465 2568 occiderit,
491 2491 546 2554 uel
569 2491 627 2552 hac
649 2491 719 2570 lege
742 2490 894 2554 damnum
915 2492 1077 2573 persequi.
1117 2492 1210 2566 Quod

124 2586 232 2639 autem
255 2576 411 2638 adiectum
434 2585 483 2638 est
511 2577 544 2637 in
566 2577 625 2640 hac
650 2576 721 2657 lege
744 2596 851 2650 ornum
873 2596 905 2638 444
927 2597 965 2640 uo
988 2596 1068 2640 anuo
1091 2597 1209 2641 44444444
1228 2591 1258 2638 aa

124 2682 159 2724 44
178 2682 230 2724 ans
245 2681 359 2742 4444444,
386 2662 465 2724 illud
487 2661 595 2742 4444044,
620 2664 648 2725 si
671 2661 797 2724 clodum
819 2671 898 2744 puta
921 2672 976 2726 aut
997 2663 1124 2726 luseum
1139 2683 1209 2727 ser-

1157 2815 1209 2832 ΑΜ

193 2893 267 2958 4244
287 2913 319 2935 =
338 2895 403 2944 lost.
425 2895 450 2954 4,
470 2897 484 2942 9
504 2905 544 2958 pr.
568 2893 579 2957 l
600 2892 672 2959 4244
701 2895 760 2945 4044.
784 2893 855 2946 conl.
882 2896 949 2946 Inst.
970 2897 994 2957 4,
1016 2899 1041 2957 t,
1063 2897 1078 2943 2
1098 2893 1109 2956 ΙΙ
1130 2891 1206 2958 4242

124 2961 193 3080 qonp.
216 2963 285 3080 post.
307 2964 331 3024 4,
353 2965 377 3026 9,
398 2965 429 3010 44
451 2961 462 3024 ΙΙ
484 2961 496 3027 4
516 2966 565 3012 ata
584 2961 654 3014 conl.
682 2965 749 3016 Inst.
770 2965 793 3027 4,
814 2969 840 3024 9,
861 2967 888 3012 44
914 2964 925 3027 tt
945 2962 958 3029 4
976 2965 1023 3013 244
1049 2963 1120 3014 0004.
1140 2964 1205 3015 inst.

142 3069 148 3091 l
189 3069 195 3092 4
234 3069 241 3080 ·

123 3157 1207 3178 ΜὟΝΜΨᾺΜΛΛΛΛΝΝΛΛΝὟἏΜΙᾺΙνΝΝΝΝΝΝννΜἺᾺΛΜΜΜΛΛΝΜΛΙννΜ

194 3251 203 3294 4
230 3245 386 3309 quiadrupli
410 3245 489 3308 (conf.
519 3245 551 3297 0²
573 3260 636 3311 paq.
660 3251 711 3301 289
733 3248 862 3309 004090)
887 3248 958 3298 00440
985 3247 1035 3310 04,
1062 3249 1206 3314 quadrupli

124 3316 185 3366 lost.
206 3312 216 3381 41
234 3319 249 3363 2
268 3315 317 3364 etsi
333 3314 470 3375 Goesclreo,
491 3318 533 3365 set
544 3316 568 3365 si
582 3314 609 3376 0,
629 3317 736 3366 etiamsi
749 3316 811 3367 lost.
831 3315 843 3380 ΙΙ
860 3329 943 3368 unam
957 3316 1032 3380 lost,
1051 3331 1153 3368 unuam
1169 3318 1189 3369 0
1199 3316 1207 3385 il

125 3387 138 3431 3
157 3385 333 3434 constituitur
351 3384 426 3445 lost,
449 3385 590 3434 constituit
611 3385 639 3446 0,
664 3384 730 3447 conf.
754 3385 959 3449 0400449641
979 3388 993 3434 4
1011 3390 1042 3436 444
1060 3386 1134 3447 lost„
1154 3400 1204 3437 om.

126 3451 174 3517 044
193 3457 207 3502 5
225 3453 377 3502 alienamue
390 3452 465 3512 lost,
484 3466 580 3504 eamue
602 3453 621 3505 0
639 3451 650 3516 ΙΙ
667 3467 738 3518 quaa
756 3455 893 3518 pecudum
912 3455 987 3514 lost..
1007 3468 1060 3518 qua
1081 3455 1158 3518 (cons.
1175 3455 1208 3507 0²

12 3561 13 3570 ,
119 3535 183 3586 paq.
198 3527 249 3576 299
267 3535 337 3572 cars.
353 3522 395 3580 47)
410 3521 541 3572 recudum
557 3521 577 3574 0
594 3522 605 3585 ΙΙ
625 3525 639 3570 6
658 3521 859 3573 004404400οε
874 3522 1077 3586 sortcrrcluerit
1093 3523 1137 3584 04,
1157 3523 1208 3576 4044
1269 3583 1274 3594 ,
1380 3566 1381 3578 ,

123 3591 185 3641 lost.
200 3589 211 3654 ΙΙ
225 3595 238 3639 7
253 3593 357 3640 tantum
374 3590 393 3641 0
405 3591 484 3650 4004.,·
504 3593 607 3640 tantum
621 3603 667 3641 aas
679 3592 772 3642 4404004
783 3593 846 3656 lepis
856 3593 939 3646 uerba
951 3593 1024 3656 (Dio.
1036 3598 1060 3650 9,
1070 3597 1097 3652 2,
1107 3595 1184 3655 2444.)
1196 3591 1207 3659 ΙΙ

123 3659 314 3719 inimiciora,
341 3660 365 3709 is
386 3661 487 3709 iniuria
507 3658 527 3710 0
547 3659 558 3724 ΙΙ
579 3663 593 3709 8
617 3663 664 3708 aut
684 3659 827 3721 Gocsclteo,
852 3673 868 3710 a
889 3659 916 3723 0,
943 3661 1008 3724 eoos.
1033 3659 1064 3711 04
1077 3675 1141 3725 poa.
1154 3668 1206 3718 244

121 3741 190 3779 cers.
205 3731 237 3779 42
255 3727 266 3790 41
290 3731 304 3776 9
329 3729 539 3792 reprehenditur
563 3728 705 3788 decoctae,
732 3729 912 3791 reprehendic
932 3728 974 3790 0¹,
1000 3729 1066 3792 cons.
1088 3731 1120 3781 04
1139 3745 1204 3795 poa.

121 3802 172 3851 280
184 3797 232 3859 ios.
253 3803 278 3848 04
292 3810 353 3860 pap.
368 3799 420 3847 507
437 3803 539 3851 00402
558 3796 569 3861 ΙΙ
587 3801 619 3846 42
638 3799 660 3846 si
681 3797 820 3860 0004044044,
841 3798 885 3850 40
903 3797 914 3862 ΙΙ
934 3802 963 3847 43
983 3798 1204 3860 eliminaretis,

123 3867 165 3916 sid
182 3866 201 3918 0
219 3866 230 3929 ΙΙ
251 3869 281 3915 44
300 3867 408 3916 occisus
424 3866 561 3928 Goesclreo,
576 3866 682 3916 occisos
697 3866 716 3917 0
732 3861 742 3931 ΙΙ
761 3869 791 3914 48
811 3868 965 3931 syponiacis
981 3867 1001 3918 0
1017 3867 1028 3931 41
1046 3871 1077 3917 ta
1097 3868 1124 3918 id
1137 3882 1206 3932 quo-

122 3948 175 3999 que
192 3936 268 3994 lost,
293 3935 340 3999 qui
362 3935 406 3994 0¹1,
431 3935 497 3997 conf.
519 3934 551 3986 04
570 3948 632 3998 pop.
654 3936 704 3989 297
721 3947 792 3984 cers.
808 3939 839 3985 44
863 3935 873 3998 ΙΙ
897 3941 929 3986 20
954 3937 1028 4001 quod
1051 3939 1134 3987 ceteri
1158 3938 1203 4002 qui

123 4007 270 4068 supersunt
290 4003 445 4067 departiatis
472 4003 521 4066 (004
539 4003 682 4068 depertiati
700 4003 770 4065 sunt)
796 4004 839 4064 09,
859 4008 961 4068 quanto
979 4005 1123 4070 depretiati
1140 4009 1205 4057 sunt

123 4073 169 4136 qui
187 4077 333 4136 supersunt
345 4074 407 4123 4044.
427 4072 484 4136 1124
508 4072 646 4136 quadrigis
663 4073 690 4134 0,
711 4071 841 4136 quadriga
861 4074 923 4124 lost.
944 4074 955 4138 44
973 4078 1004 4124 29
1024 4073 1132 4136 capitali
1149 4075 1204 4124 cri·

123 4142 195 4192 mine
217 4141 245 4201 0,
264 4142 386 4204 capitalis
405 4142 526 4192 oriminis
545 4143 606 4192 4044.
626 4141 637 4205 ll
656 4145 687 4192 25
705 4141 843 4191 adiectum
864 4142 1001 4204 00000400,
1021 4142 1137 4193 adistum
1159 4142 1186 4195 0.
