2908 4764
256 374 292 424 111
311 373 436 438 §er-sa
641 405 725 416 m-
772 372 831 433 120
876 406 961 416 ...-

256 564 325 642 ipso
349 563 418 623 iure
442 560 537 623 debet
558 569 612 622 aut
634 561 710 642 ipsis
733 561 887 638 debeatur,
917 557 983 644 1-
1002 561 1041 623 de
1070 561 1218 624 omnibus
1246 561 1349 625 rebus
1433 619 1435 624 ,

841 646 844 728 1
1156 649 1188 709 ia
1201 668 1350 730 sequen-

256 735 281 795 ti
305 735 527 796 commentario
550 731 783 816 prolponemus.
812 731 821 817 11

193 826 234 885 82
344 822 425 882 Sunt
452 829 558 882 autem
589 821 683 882 etiam
709 820 841 882 alterius
865 821 991 901 generis
1015 823 1233 883 successiones
1257 833 1434 902 quaepgmo

258 925 364 987 neque
394 907 461 985 lego
483 908 527 967 in
549 906 733 968 tabularum
762 925 868 987 neque
891 907 1047 987 praetoris
1070 907 1191 986 edicto,
1226 907 1286 970 sed
1311 926 1345 968 eo
1364 922 1377 966 5

194 998 232 1058 83
258 994 327 1055 inre
352 989 459 1076 (meod)
483 1011 639 1055 consensu
665 1001 829 1073 receptum
852 1001 912 1071 est,
940 991 1139 1054 introductae
1162 1003 1248 1055 sunt.
1289 995 1346 1054 Et-

258 1081 342 1141 enim
364 1099 436 1140 cum
459 1088 549 1159 pater
572 1079 708 1140 familias
731 1098 766 1140 se
789 1079 822 1138 in
845 1077 1045 1159 adoptionem
1064 1079 1158 1157 dedit,
1187 1079 1345 1141 mulierue
1446 1155 1448 1160 Ι

257 1167 291 1226 in
314 1185 444 1227 manum
467 1164 625 1244 conuenit,
652 1183 761 1225 omnes
784 1165 853 1226 eius
876 1185 928 1226 res
951 1165 1167 1246 incorporales
1183 1174 1215 1226 et
1230 1183 1346 1243 corpo·
1446 1161 1448 1236 1

257 1252 341 1314 rales
364 1271 513 1332 quaeque
537 1252 567 1312 ei
591 1250 712 1313 debitae
736 1259 820 1328 sunt,
848 1251 931 1330 patri
954 1250 1105 1331 adoptiuo
1128 1251 1346 1332 coemptiona—
1446 1239 1448 1314 l

257 1341 359 1400 toriue
383 1337 608 1417 adquiruntur,
636 1337 780 1418 exceptis
802 1337 851 1398 his
874 1356 956 1416 quae
979 1357 1037 1417 per
1059 1332 1171 1417 capitis
1194 1337 1346 1400 deminu-
1365 1353 1392 1396 ra

258 1425 377 1486 tionem
392 1433 538 1504 pereunt,
559 1424 670 1505 quales
686 1432 762 1484 sunt
776 1423 989 1502 ususfructus,
1009 1443 1178 1504 operarum
1192 1423 1345 1502 obligatio
1446 1415 1448 1490 1

259 1511 469 1572 libertinorum
499 1530 581 1591 quae
611 1529 670 1590 per
698 1508 920 1570 iusiurandum
943 1519 1101 1572 contracta
1125 1519 1188 1587 est,
1223 1518 1253 1570 et
1277 1509 1345 1570 lites

195 1603 233 1661 81
259 1604 439 1659 contestatae
469 1597 609 1677 legitimo
640 1595 766 1658 iudicio.
813 1596 861 1656 Ex
890 1594 1018 1656 diuerso
1049 1595 1133 1676 qnod
1161 1597 1189 1657 is
1218 1593 1342 1672 debuit,
1446 1611 1448 1648 t

259 1685 311 1764 qai
339 1701 371 1744 se
399 1685 432 1744 ia
461 1682 662 1762 adoptionem
692 1680 782 1744 dedit
812 1700 934 1762 quaeue
963 1681 996 1742 in
1025 1699 1152 1744 manum
1181 1683 1341 1759 eonnem't,
1387 1729 1389 1734 .

258 1789 319 1830 aaa
340 1767 455 1832 transit
477 1768 517 1831 ad
541 1767 838 1847 coemptionatorem
862 1777 916 1830 aut
938 1765 978 1828 ad
1001 1777 1125 1848 patrem
1140 1767 1341 1847 adoptiuum,
1366 1783 1392 1827 ts

258 1857 322 1916 atsi
349 1857 378 1916 st
404 1855 633 1916 hereditarium
662 1873 716 1916 aes
747 1855 886 1916 alienum
914 1851 1016 1915 luerit.
1065 1862 1135 1915 tuac
1158 1855 1244 1914 enim
1268 1853 1346 1934 qnia

261 1942 329 2020 ipse
360 1948 451 2020 pater
480 1940 652 2022 adoptiuus
675 1947 729 2002 aut
752 1940 1000 2020 coemptionator
1021 1941 1113 2002 heres
1137 1940 1188 2018 fit,
1223 1939 1346 2001 directo
1446 1969 1448 1984 ‹

258 2034 388 2088 tenetur
410 2027 498 2103 iure,
536 2029 562 2088 is
585 2045 658 2087 aero
681 2027 734 2106 qai
754 2045 788 2088 se
812 2025 1027 2107 adoptandum
1051 2025 1139 2088 dedit
1161 2045 1288 2106 quaeue
1312 2026 1345 2086 in
1446 1989 1448 2104 l

259 2131 389 2174 manum
419 2114 586 2191 conuenit,
620 2112 738 2173 desinit
767 2131 836 2173 esse
865 2114 968 2174 heres.
1017 2111 1056 2174 de
1084 2132 1119 2174 eo
1148 2131 1226 2174 uero
1258 2110 1347 2191 quod
1446 2109 1448 2168 l

259 2198 387 2279 proprio
410 2199 537 2260 nomine
561 2217 614 2261 eae
636 2216 790 2278 personae
813 2197 999 2276 debuerint,
1026 2197 1101 2260 licet
1123 2217 1230 2278 neque
1254 2207 1392 2278 patareo

261 2283 432 2365 adoptiuus
455 2293 602 2348 teneatur
624 2303 729 2366 neque
749 2285 1007 2364 coemptionator,
1034 2292 1062 2346 et
1075 2304 1112 2346 ac
1129 2287 1197 2365 ipse
1214 2283 1345 2365 quidem
1447 2307 1448 2316 ¹

261 2371 317 2452 qui
347 2391 380 2433 se
410 2372 442 2432 t'a
470 2371 672 2453 adoptionem
702 2370 790 2432 dedit
817 2389 932 2452 quaeue
961 2371 994 2431 in
1023 2391 1153 2433 manum
1182 2369 1342 2446 conuenit,

192 2526 197 2534 x
260 2467 386 2520 maneat
417 2458 576 2540 obligatus
607 2458 796 2538 obligatam,
832 2458 907 2538 qnia
935 2457 1054 2519 scilicet
1074 2477 1132 2548 per
1155 2457 1268 2537 capitis
1291 2455 1346 2517 de-

1139 2575 1331 2590 AMAIVVVVVVV

330 2611 342 2676 §
357 2617 384 2661 81
406 2615 435 2662 ia
453 2614 567 2674 scqaeati
585 2610 807 2673 commentarioli
827 2609 893 2675 131.
907 2615 938 2660 95
958 2611 968 2673 11
988 2609 1045 2675 §82
1065 2609 1120 2661 fere
1139 2631 1171 2654 =
1190 2613 1257 2662 Inst.
1274 2615 1298 2672 9,
1315 2613 1343 2658 to

259 2693 300 2745 pr.
321 2681 332 2744 11
351 2679 407 2744 §83
426 2695 514 2745 usque
534 2681 608 2730 adit
632 2685 693 2730 saat
710 2678 765 2730 iere
785 2700 816 2722 =
836 2681 900 2730 Inst.
917 2683 941 2740 3,
959 2684 1025 2742 t0,t
1049 2679 1133 2744 11181
1153 2679 1294 2743 usquead
1314 2679 1344 2726 tt

260 2752 328 2800 dedit
345 2749 401 2800 iere
421 2770 453 2792 =
472 2751 536 2800 inst.
552 2755 576 2810 9,
593 2753 633 2809 10,
648 2754 672 2800 9.

331 2892 395 2936 1-2
418 2887 512 2937 Gaiam
529 2888 591 2936 taea
608 2886 663 2948 fere
676 2889 810 2948 scripsisse
822 2888 913 2936 coaieit
924 2887 1057 2936 Huschke:
1077 2891 1101 2936 et
1112 2886 1181 2938 ideo
1195 2885 1233 2936 de
1246 2883 1344 2936 omni-

261 2957 322 3006 bus
338 2955 434 3006 rebus
452 2955 563 3004 utilibus
582 2955 733 3004 actionibus
752 2957 779 3004 ct
796 2957 974 3018 experiuntur
997 2958 1024 3005 et
1047 2957 1258 3016 conueniuntur,
1280 2965 1345 3018 quas

260 3025 290 3074 ia
311 3026 387 3086 (boae
407 3027 625 3086 praepositionem
648 3037 696 3074 om.
716 3024 844 3084 Huschke)
864 3025 1010 3084 sequenti
1027 3027 1079 3074 etc.
1100 3025 1110 3086 11
1129 3027 1142 3072 t
1163 3025 1246 3074 etiam
1269 3023 1298 3082 C,
1320 3025 1345 3070 et

262 3094 324 3144 last.
343 3093 353 3156 11
373 3097 387 3142 6
406 3092 480 3156 quod
501 3093 571 3154 last,
592 3105 641 3141 om.
659 3091 679 3142 G
698 3092 775 3154 (eoas.
794 3092 826 3143 0³
841 3106 904 3156 pay.
918 3094 979 3152 2911
998 3093 1009 3156 11
1028 3105 1164 3143 consensu
1183 3094 1260 3155 last,
1281 3105 1346 3142 con·

261 3175 341 3212 cessu
363 3161 411 3224 011
429 3159 543 3221 eteniim)
564 3159 591 3220 C,
612 3173 676 3210 ecce
696 3161 769 3210 enim
784 3162 845 3211 last.
866 3163 987 3224 (sortasse
1003 3162 1082 3221 recte)
1101 3161 1113 3224 11
1133 3165 1146 3210 7
1166 3175 1195 3212 se
1213 3163 1241 3210 in
1261 3162 1346 3225 adop-

261 3233 363 3280 tionem
382 3230 469 3293 deldit)
493 3230 519 3292 0,
541 3243 600 3280 sese
618 3231 646 3279 in
665 3229 868 3292 edrogationem
886 3230 933 3280 dat
945 3231 1007 3282 lost.
1025 3230 1036 3294 11
1054 3231 1188 3281 mulierue
1208 3231 1342 3292 Boeotico,

261 3299 412 3363 mulierque
433 3298 475 3362 01¹,
500 3299 567 3362 eoas.
591 3298 622 3349 0³
636 3312 700 3362 aaa.
715 3299 825 3361 290121.
848 3299 859 3363 11
884 3304 897 3348 8
917 3301 976 3350 eius
994 3313 1038 3350 res
1060 3299 1087 3362 0,
1114 3290 1236 3350 res'eius
1256 3301 1317 3348 last.
1337 3293 1344 3361 1

236 3375 239 3380 “
261 3369 445 3433 incorporales
458 3371 485 3418 et
497 3368 652 3432 corporales
667 3367 694 3427 0,
715 3367 871 3432 corporales
890 3371 915 3418 et
928 3369 1113 3432 incorporales
1127 3370 1190 3419 last.
1210 3368 1221 3431 11
1243 3372 1258 3416 9
1278 3367 1345 3432 patri

263 3437 391 3501 adoptiuo
413 3437 441 3496 C,
462 3437 615 3499 abrogatori
636 3438 698 3488 last.
725 3436 736 3499 11
760 3440 859 3486 12-19
879 3437 941 3488 lites
960 3440 1126 3488 contestatae
1144 3439 1275 3499 suppleuit
1294 3438 1344 3486 lta·

262 3507 367 3569 dorffia
382 3505 640 3557 Commentatioaibas
651 3506 806 3556 Academiae
818 3507 993 3556 Beroiiaeasis
1005 3521 1031 3558 a.
1047 3512 1112 3558 itit
1128 3519 1191 3570 pay.
1204 3511 1256 3556 510
1270 3519 1343 3568 sequ,

261 3577 381 3636 qaamais
403 3576 437 3626 lis
459 3578 609 3626 contestata
629 3578 716 3639 patiar
740 3580 874 3637 ememtes,-
898 3575 964 3637 caat.
989 3579 1067 3626 etiam
1090 3575 1132 3626 09ε
1155 3575 1166 3636 11
1190 3580 1220 3623 13
1245 3575 1345 3624 iudicio

264 3644 402 3707 Goescitea,
423 3646 546 3695 iudiciu‘i
560 3644 579 3695 d
595 3645 606 3707 11
625 3659 658 3694 ex
673 3645 701 3707 d,
722 3645 770 3695 sed
789 3659 821 3694 ex
833 3645 894 3695 last.
912 3645 923 3708 11
943 3647 1043 3692 19-11
1056 3647 1202 3706 sapptctam
1215 3657 1250 3693 em
1263 3645 1324 3693 last.
1336 3639 1345 3706 11

262 3715 294 3761 11
313 3713 426 3776 quaeue]
446 3727 568 3778 quaeque
583 3713 626 3773 ΟΠ,
647 3715 713 3778 eoas.
737 3713 768 3764 0³
782 3727 845 3778 pao.
859 3714 971 3776 290191.
992 3713 1002 3775 11
1021 3727 1104 3764 manu
1125 3713 1144 3764 C
1161 3713 1171 3776 11
1192 3716 1223 3761 48
1243 3724 1344 3776 quaeue

261 3783 421 3844 Lachmann,
436 3797 542 3846 queque
558 3782 584 3845 0,
599 3783 666 3846 eoas.
684 3781 715 3832 ca
729 3795 792 3846 paq.
807 3789 858 3837 290
870 3782 916 3844 iai.
929 3782 940 3845 11
961 3786 990 3831 19
1005 3782 1092 3846 heres]
1107 3781 1222 3832 heredes
1237 3781 1265 3841 C,
1281 3779 1343 3842 caat.

264 3850 367 3914 Csspaa.
382 3851 500 3914 2701120
521 3865 569 3902 eae
585 3851 722 3914 Goescbea,
743 3865 774 3902 ee
790 3851 810 3901 C
826 3851 837 3915 11
856 3854 883 3898 21
907 3854 934 3899 et
952 3865 987 3900 nc
1002 3853 1083 3912 paulo
1098 3851 1260 3913 probabilius
1271 3862 1346 3912 qaam

261 3933 351 3984 neque
371 3922 418 3982 (sic
439 3920 575 3982 Goesctea)
602 3922 707 3970 aidetar
724 3922 838 3982 suppleri
853 3932 929 3982 posse
952 3918 963 3981 11
987 3923 1020 3968 22
1039 3922 1066 3970 in
1085 3921 1260 3984 adoptionem
1282 3919 1345 3968 Goe-

262 3991 347 4051 sairea,
376 3989 624 4052 ademinoptionem
645 3988 690 4051 011
708 3990 822 4053 quaeue]
842 3991 870 4039 ia
895 3986 916 4038 G
937 3988 1018 4050 suerit
1041 3985 1174 4055 quelques
1199 3989 1242 4038 aei
1266 3988 1345 4037 simile

262 4060 368 4120 aliquid,
388 4058 454 4121 eoaf.
471 4057 503 4106 0⁸
514 4058 538 4110 t.
553 4060 570 4110 l.
586 4063 679 4121 etpaa.
692 4063 741 4112 290
754 4058 802 4121 ias.
822 4058 833 4120 11
852 4061 883 4106 23
903 4056 1055 4122 obligataue
1072 4058 1209 4118 Gamalam,
1230 4055 1343 4119 obligata

262 4141 296 4176 ea
309 4129 455 4192 obligatam
473 4131 616 4178 correctam
631 4127 650 4176 C
666 4127 677 4189 11
696 4127 800 4177 scilieet
815 4128 953 4189 Gaesaitca,
975 4129 1056 4178 scetsi
1077 4127 1258 4191 itascilicet
1276 4125 1345 4187 51111

265 4193 308 4259 Cn,
329 4197 396 4260 eoas.
419 4195 449 4246 0⁸
464 4209 527 4260 pap.
540 4201 599 4250 502.
