2908 4764
676 362 979 405 —xlv—

237 535 392 596 ieriore
408 532 643 595 adnotationum
659 533 810 595 laterculo
825 542 969 595 accurate
986 533 1209 596 adnotauimus
1220 531 1271 616 ¹⁷).
1304 534 1419 596 Omisi-

235 639 306 682 mus
329 629 433 683 tamen
458 619 491 679 in
521 629 675 699 apparatu
705 620 812 681 critico
842 621 935 700 longe
963 620 1101 700 plurima
1128 638 1238 682 eorum
1268 638 1352 700 quae
1383 620 1419 684 ad

236 707 335 768 solam
359 725 425 766 rem
447 705 721 785 orthographicam
732 706 765 787 ¹⁸]
785 706 839 767 uel
856 705 896 768 ad
911 716 1002 768 notas
1021 704 1100 787 (siue
1116 705 1304 786 compendia
1321 709 1418 788 scrip-

235 803 325 855 turae
348 790 522 873 sollemnia)
548 791 664 853 leuiter
685 800 851 872 corruptas
872 793 1052 872 pertinent3
1085 810 1166 872 quae
1190 793 1217 854 si
1241 792 1418 874 relinquam

235 889 266 940 et
288 879 420 941 inertiae
442 896 532 938 meae
554 878 680 958 largiar,
706 896 769 938 non
791 896 905 940 uereor
924 897 964 939 ne
981 878 1060 938 mihi
1075 879 1252 940 irascantur
1267 879 1416 941 lectores:

235 984 272 1027 ea
294 965 399 1027 omnia
421 963 448 1024 si
470 963 544 1044 quis
567 965 746 1025 accuratius
769 982 956 1044 cognoscere
978 964 1068 1042 uelit,
1094 962 1186 1026 adeat
1208 965 1244 1024 0³
1266 974 1298 1026 et
1321 966 1418 1046 inpri-

235 1052 296 1112 mis
324 1050 446 1112 indices
475 1058 620 1111 notarum
650 1060 681 1111 et
710 1050 987 1130 orthographicum
1021 1047 1069 1131 (0²
1090 1069 1164 1131 pag.
1190 1051 1362 1113 ata-ala
1393 1059 1419 1112 et

233 1157 307 1218 pag.
326 1135 522 1218 als-325);
549 1136 728 1216 apographo
751 1136 836 1197 enim
858 1155 927 1198 mec
950 1155 1058 1199 carere
1073 1138 1199 1197 omnino
1214 1155 1277 1197 non
1293 1139 1415 1216 poterit,

234 1225 261 1285 si
289 1224 362 1304 quis
392 1223 488 1284 crisin
518 1220 668 1284 Gaianam
696 1231 782 1283 recte
811 1222 978 1284 instituere
1006 1223 1155 1285 uoluerit.
1210 1221 1359 1284 Ceterum
1388 1232 1420 1285 ut

234 1328 364 1385 eorum,
391 1309 448 1388 qui
471 1309 530 1370 hac
559 1307 698 1370 editione
728 1309 819 1388 usuri
848 1317 973 1387 essent,
1005 1307 1167 1370 commodo
1195 1309 1415 1388 inseruiretur‚

236 1395 388 1457 nonnulla
411 1394 444 1454 in
468 1413 584 1474 genere
609 1394 847 1475 orthographico
863 1394 987 1457 firmius
1002 1393 1223 1456 constituenda
1237 1397 1419 1474 putauimus

236 1499 332 1561 quam
347 1481 465 1542 iactum
482 1479 583 1542 adhuc
599 1479 710 1562 est1⁹);
730 1481 837 1560 itaque
854 1481 949 1543 etiam
965 1482 1065 1542 inuito
1080 1479 1161 1542 libro
1179 1480 1283 1542 Giere
1299 1479 1419 1561 ubique

233 1575 428 1628 constantem
458 1565 633 1628 eorundem
661 1564 890 1628 uocabulorum
921 1565 1176 1648 orthographiam
1203 1567 1237 1628 in
1269 1576 1419 1629 contextu

233 1654 430 1715 restituimus
440 1671 450 1730 ;Δ
473 1653 506 1712 in
530 1671 593 1732 quo
616 1652 771 1714 inclinatis
794 1651 910 1714 litteris
932 1653 983 1714 usi
1000 1671 1122 1732 sumuS,
1148 1651 1345 1732 ubicumque
1369 1654 1418 1715 uel
1452 1723 1453 1726 Ἴ

232 1739 265 1801 in
295 1739 436 1800 minimis
464 1737 713 1818 orthographicis
736 1759 754 1799 a
776 1737 851 1800 libri
875 1739 898 1798 G
919 1739 1106 1817 auctoritate
1134 1738 1337 1800 recessimus.
1386 1739 1419 1800 ln

231 1824 307 1887 locis
330 1826 387 1902 eis,
414 1825 470 1904 qui
492 1825 553 1885 nisi
576 1823 688 1886 audaci
704 1825 886 1886 coniectura
902 1823 1028 1887 restitui
1043 1833 1221 1904 nequeunt,
1247 1835 1278 1886 et
1294 1825 1328 1885 in
1342 1825 1419 1886 locis

231 1910 419 1990 desperatis,
445 1909 485 1972 de
509 1908 628 1991 quibus
650 1909 731 1970 nihil
753 1909 816 1972 nisi
840 1911 978 1972 incertae
1001 1919 1032 1972 et
1055 1929 1138 1991 quae
1162 1911 1249 1972 uario
1272 1910 1363 1978 modo
1388 1912 1418 1971 in

232 1998 405 2059 uerborum
443 1996 623 2057 Latinorum
661 1996 800 2076 speciem
842 1995 1067 2077 comprehendi
1104 1997 1229 2078 possint
1265 1998 1419 2078 reliquiae

232 2093 422 2163 supersunt,
456 2090 589 2162 propter
617 2081 849 2164 typographum
879 2101 943 2144 non
972 2102 1081 2144 omnes
1110 2082 1290 2144 litterarum
1312 2085 1419 2163 apices

232 2169 378 2231 omniaue
400 2167 514 2230 bacilla
537 2167 654 2229 inflexa
677 2178 708 2230 et
730 2169 915 2247 incuruata,
942 2169 1080 2248 quaein
1106 2169 1212 2249 elegi
1234 2187 1327 2250 posse
1350 2171 1419 2231 uisa

232 2265 316 2334 sunt,
343 2255 428 2335 typis
450 2253 661 2316 describenda
684 2254 879 2334 omonimus,
908 2254 965 2316 sed
987 2255 1207 2335 delegauimus
1230 2255 1365 2317 lectores
1381 2254 1419 2317 ad

234 2341 270 2402 0³
297 2341 387 2421 (conl.
414 2360 442 2402 e.
466 2361 496 2421 g.
528 2360 601 2422 pag.
627 2339 678 2419 76,
707 2339 907 2421 ro-77‚l
943 2343 1040 2402 huius
1070 2339 1219 2402 editionis
1242 2349 1304 2404 etc.
1330 2342 1414 2423 etc),

231 2429 444 2508 similiterque
468 2428 501 2488 in
524 2427 701 2508 desperatis
722 2428 913 2508 paginarum
935 2427 1082 2508 partibus
1114 2425 1227 2507 (ueluti
1250 2427 1283 2488 in
1314 2429 1418 2508 priore

230 2524 322 2595 parte
345 2517 479 2596 paginae
503 2513 575 2576 libri
602 2512 691 2595 045)
717 2533 781 2576 non
805 2512 1031 2594 descripsimus
1046 2514 1078 2574 in
1093 2512 1266 2574 uerborum
1282 2512 1418 2576 Gaiano-

230 2621 301 2662 rum
325 2609 476 2663 contextu
498 2601 562 2662 nisi
578 2619 632 2662 eas
647 2601 779 2679 litteras,
805 2619 888 2679 quae
904 2601 1043 2679 aliquam
1058 2598 1230 2661 uerborum
1245 2598 1417 2662 latinorum

230 2686 362 2748 formam
385 2687 520 2749 induere
542 2705 635 2766 posse
657 2685 858 2748 uiderentur.

317 2774 427 2834 Notam
449 2771 566 2833 codicis
587 2770 795 2850 Veronensis,
828 2772 911 2832 sicut
940 2789 1036 2850 supra
1057 2789 1130 2851 pag.
1156 2790 1175 2831 v
1203 2771 1360 2850 diximus,
1386 2772 1418 2832 in

233 2867 388 2938 apparatu
411 2857 520 2918 critico
543 2875 561 2916 a
583 2857 675 2918 nobis
691 2857 861 2937 composito
876 2855 1036 2918 noluimus
1051 2875 1121 2918 esse
1140 2857 1328 2920 Glitteram.
1360 2857 1418 2920 Vbi

231 2944 352 3024 primae
375 2961 487 3004 manus
516 2940 572 3023 (θ’)
601 2941 758 3023 scriptura
780 2961 797 3004 a
820 2951 931 3004 uetere
962 2951 1137 3026 correctore
1169 2942 1342 3006 semidocta
1371 2942 1417 3025 (de

304 3132 346 3194 li)
366 3131 525 3194 Lagentium
544 3130 631 3180 oculis
648 3133 680 3181 ut
699 3143 937 3190 succurreremus,
964 3132 1144 3195 inapparatu
1168 3131 1264 3182 critico
1288 3129 1419 3182 lectiones

234 3200 338 3251 codicis
358 3199 386 3260 θ,
412 3201 459 3264 qui
483 3200 611 3249 continua
636 3200 770 3264 scriptura
793 3200 822 3250 id
840 3202 882 3251 est
899 3214 954 3250 non
973 3201 1115 3265 diremptis
1132 3199 1275 3251 uocabulis
1294 3203 1419 3250 exaratus

232 3271 281 3330 est,
301 3270 338 3320 ita
356 3269 636 3334 repraesentauimus‚
662 3271 693 3319 ut
710 3268 795 3318 uerba
813 3267 870 3320 iere
889 3271 1045 3320 constanter
1062 3269 1198 3334 dirempta
1217 3267 1416 3319 exhiberemus.

232 3337 283 3388 Vbi
301 3341 412 3403 propter
429 3336 616 3403 imperfectam
634 3337 780 3388 lectionem
798 3339 945 3389 nonnullae
963 3339 1069 3389 litterae
1087 3339 1114 3388 in
1131 3337 1150 3388 C
1167 3337 1220 3401 legi
1239 3337 1353 3401 quidem
1365 3351 1419 3386 non

232 3411 360 3472 poteraut
377 3407 425 3457 sed
444 3419 514 3471 quae
532 3405 638 3457 litterae
657 3407 809 3458 extitissent
826 3409 1023 3458 sententiarum
1043 3421 1148 3458 conexu
1165 3418 1301 3472 perpenso
1318 3405 1420 3472 proba·

231 3477 323 3526 biliter
345 3476 471 3526 diuinare
495 3475 586 3538 licuit,
613 3489 805 3541 nonnusquam
824 3490 870 3528 eas
888 3479 960 3542 ipsas
977 3477 1081 3526 litteras
1099 3476 1141 3526 his
1159 3475 1268 3526 uncinis
1290 3473 1317 3538 l)
1339 3487 1420 3539 saep-

231 3547 272 3596 tas
290 3546 514 3610 perscripsimus:
536 3545 576 3595 sic
594 3543 695 3610 litai
715 3545 855 3596 adnotatio
874 3547 908 3596 ad
926 3559 988 3611 pag.
1003 3549 1034 3594 29
1053 3559 1127 3596 uers.
1143 3548 1174 3593 20
1193 3545 1275 3594 huius
1293 3544 1420 3594 editionis

231 3628 247 3664 a
265 3613 345 3665 nobis
363 3615 500 3678 adscripta
517 3609 706 3681 »(neplte)sue«
724 3614 859 3678 signifieat
876 3617 904 3664 in
926 3615 946 3666 C
963 3615 1015 3679 legi
1033 3628 1087 3665 non
1111 3615 1234 3680 potuisse
1258 3613 1313 3663 nisi
1337 3625 1418 3664 »sue«

231 3684 344 3746 litteras,
364 3683 507 3748 probabile
524 3686 617 3734 tamen
636 3697 697 3735 esse
714 3685 870 3749 proximum
888 3687 950 3734 ante
968 3684 1016 3734 has
1034 3682 1138 3734 litteras
1157 3683 1249 3733 locum
1267 3694 1420 3748 occupasse

231 3752 335 3803 litteras
355 3756 465 3817 »nepte«
485 3754 531 3815 ita,
551 3756 582 3802 ιιι
599 3754 627 3806 in
645 3754 745 3818 prioris
763 3766 861 3804 uersus
879 3754 952 3804 exitu
969 3753 1074 3803 litterae
1094 3765 1194 3818 »nep«.
1214 3753 1242 3801 in
1260 3752 1421 3816 posterioris

230 3833 328 3872 uersus
346 3822 424 3872 initio
442 3821 548 3872 litterae
569 3824 626 3872 »te«
646 3825 708 3872 ante
728 3835 809 3873 »sue«
829 3825 960 3872 extarent.

301 3891 343 3952 48)
362 3889 419 3941 Nec
435 3892 523 3954 magis
539 3891 675 3942 uocabula
692 3892 721 3941 in
743 3890 762 3942 C
780 3891 850 3942 male
869 3891 986 3942 dissecta
1002 3889 1048 3940 uel
1065 3902 1209 3954 perperam
1227 3887 1338 3940 duobus
1355 3901 1420 3940 uer·

232 3957 308 4010 sibus
326 3958 471 4010 distributa
490 3961 517 4011 in
536 3963 667 4025 apparatu
686 3961 780 4010 critico
798 3962 973 4024 curauimus;
1001 3957 1071 4011 conl.
1092 3958 1127 4009 de
1153 3957 1322 4023 syllabarum
1346 3958 1421 4008 diui-

231 4031 307 4080 sione
329 4028 361 4080 02
377 4042 440 4093 pag.
452 4042 515 4079 xrru
528 4041 602 4093 seqq.

303 4099 342 4157 tt)
366 4101 488 4162 menapii
512 4098 672 4163 scripsimus
697 4101 868 4158 constanter,
899 4109 933 4148 ne
956 4109 1041 4162 prauo
1067 4098 1184 4148 accentu
1207 4095 1279 4146 hanc
1303 4095 1418 4148 formam

231 4169 441 4232 pronuntiarent
458 4167 583 4227 lectores,
605 4168 627 4218 si
645 4169 759 4229 mancipi
777 4168 940 4232 scripturam
958 4167 1097 4231 antiquam
1116 4177 1315 4218 seruassemus.
