2966 4758
251 331 317 420 rv‘o
331 355 477 405 4444-444
634 385 720 396 ...-
766 350 826 416 493
870 385 956 397 ..-

252 563 312 607 neo
339 543 374 606 ui
402 561 461 604 noc
490 541 570 602 olam
599 559 658 602 nec
684 541 826 621 precario
856 537 1040 622 possederit.
1087 559 1159 604 cum
1182 539 1283 604 index
1304 540 1337 604 id

253 628 482 710 explorauerit,
509 635 541 690 et
563 627 642 690 lorte
664 625 840 690 secundum
863 646 914 688 me
937 625 1112 688 iudicatum
1134 629 1192 707 sit,
1217 626 1338 690 aduer-

253 717 372 778 sarium
402 713 480 776 mihi
509 721 542 774 et
563 711 743 794 sponsionis
766 720 799 776 et
821 713 1072 793 restipulationis
1093 732 1234 775 summas
1256 732 1338 794 quas

253 821 325 864 oum
348 819 384 862 eo
406 799 478 879 leci,
504 797 703 878 condemnat,
729 806 761 861 et
783 801 1011 861 conuenienter
1031 817 1082 860 me
1105 801 1284 880 sponsionis
1306 808 1339 861 et

252 887 520 968 restipulationis,
548 904 630 966 quae
653 903 778 947 mecum
801 884 901 947 iactae
924 892 1013 963 sunt,
1040 884 1188 948 absoluit.
1224 895 1256 948 et
1278 886 1373 948 hocs

253 974 389 1056 amplius
411 973 437 1034 si
460 969 547 1052 apud
570 970 790 1034 aduersarium
812 989 919 1032 meum
940 972 1099 1051 possessio
1122 980 1181 1051 est,
1210 973 1288 1052 quic
1309 973 1338 1034 is

253 1061 376 1122 lructus
400 1059 573 1120 licitatione
601 1058 697 1137 uicit,
729 1058 793 1118 nisi
822 1058 969 1119 restituat
990 1057 1068 1118 mihi
1090 1059 1334 1137 possessionem,

168 1146 229 1209 467
253 1145 446 1209 Cascelliano
469 1145 538 1206 siue
560 1141 573 1226 {l
596 1146 752 1216 secutoris
775 1141 894 1205 iudicio
917 1141 1156 1206 condemnatur.
1204 1145 1286 1225 Ergo
1310 1145 1338 1206 is
1348 1155 1446 1219 44444

253 1234 309 1313 qui
331 1231 454 1294 iruotus
476 1231 647 1292 licitatione
669 1231 758 1309 uicit,
787 1230 815 1291 si
837 1248 901 1290 non
922 1228 1035 1310 probat
1057 1229 1098 1292 ad
1120 1249 1154 1292 se
1176 1232 1339 1313 pertinere

252 1319 503 1400 possessionem,
536 1317 715 1397 sponsionis
742 1323 775 1377 et
797 1315 1047 1396 restipulationis
1069 1325 1101 1378 et
1123 1315 1245 1379 fruetus
1266 1317 1341 1379 lici·
1360 1329 1393 1375 44

206 1462 209 1468 .
252 1405 380 1468 tationis
402 1421 557 1466 summam
579 1421 700 1484 poenae
723 1403 851 1464 nomine
874 1401 1000 1464 soluere
1022 1411 1055 1465 et
1076 1411 1242 1483 praeterea
1263 1422 1343 1485 pos-

251 1492 422 1554 sessionem
451 1489 617 1552 restituere
639 1487 784 1564 iubetur;
818 1497 850 1549 et
872 1487 931 1550 hoc
953 1488 1091 1569 amplius
1113 1487 1236 1552 fructus
1259 1508 1341 1570 quos

251 1579 374 1638 interea
401 1575 562 1656 percepit,
596 1573 712 1638 reddit.
750 1592 873 1636 summa
903 1575 989 1636 enim
1010 1574 1133 1638 fructus
1155 1576 1340 1638 licitationis

252 1681 315 1725 non
344 1662 484 1743 pretium
511 1670 560 1724 est
588 1661 764 1738 fructuum,
797 1658 855 1723 sed
882 1679 1003 1741 poenae
1031 1661 1157 1723 nomine
1188 1663 1337 1740 soluitur,

253 1749 339 1830 quod
369 1749 441 1828 quis
467 1747 601 1809 alienam
630 1748 863 1827 possessionem
890 1765 950 1826 per
971 1747 1029 1808 hoc
1050 1756 1176 1828 tempus
1199 1748 1340 1810 retinere
1362 1760 1395 1806 44

169 1837 230 1896 468
254 1844 286 1898 et
308 1835 489 1896 facultatem
513 1831 642 1894 lruendi
664 1832 803 1894 nancisci
826 1841 956 1896 conatus
979 1841 1038 1896 est.
1077 1833 1134 1894 llle
1156 1841 1264 1896 autem
1282 1835 1341 1914 qui

253 1922 378 1984 fructus
400 1919 573 1982 licitatione
588 1919 694 1980 uictus
716 1927 774 1997 est,
801 1919 829 1980 si
851 1937 915 1980 non
937 1918 1122 1999 probauerit
1142 1919 1184 1981 ad
1206 1939 1241 1982 se
1264 1939 1342 2000 per-

255 2009 359 2070 tinere
388 2005 636 2086 possessionem,
670 2013 794 2066 tantum
823 2005 1004 2085 sponsionis
1034 2013 1066 2066 et
1088 2006 1341 2086 restipulationis

170 2094 230 2154 469
255 2111 410 2155 summam
432 2109 553 2171 poenae
576 2091 704 2152 nomine
727 2089 836 2152 debet.
874 2089 1075 2152 Admonendi
1097 2098 1206 2154 tamen
1228 2111 1342 2154 sumus

251 2178 390 2241 liberum
418 2196 488 2238 esse
511 2177 542 2238 ei
565 2177 621 2256 qui
644 2177 765 2238 fructus
787 2177 959 2238 licitatione
982 2177 1088 2240 uictus
1110 2179 1188 2255 erit,
1222 2180 1341 2240 omissa
1361 2193 1395 2238 4ο

252 2265 427 2327 fructuaria
449 2263 669 2344 stipulatione,
696 2263 779 2325 siout
801 2263 993 2326 Cascelliano
1016 2265 1084 2326 siue
1107 2266 1264 2326 secutorio
1287 2265 1342 2326 iu-

252 2351 333 2414 dicio
356 2349 397 2413 de
420 2351 613 2431 possessione
635 2347 846 2430 reciperando
868 2351 1042 2430 experitur,
1068 2351 1113 2412 ita
1135 2351 1276 2414 similiter
1297 2351 1340 2413 de

253 2438 377 2500 fructus
398 2437 571 2498 licitatione
594 2455 699 2517 agere.
733 2437 766 2497 in
790 2454 886 2516 quam
908 2453 975 2496 rem
997 2437 1162 2516 proprium
1185 2435 1341 2499 iudicium

253 2533 458 2606 conparatum
488 2531 536 2584 est
565 2521 651 2602 quod
673 2523 852 2603 appellatur
874 2519 1099 2602 fructuarium,
1127 2541 1188 2602 quo
1211 2522 1340 2584 nomine

252 2619 339 2672 actor
368 2608 543 2671 iudicatum
572 2607 654 2672 solui
683 2609 761 2670 satis
791 2608 915 2687 accipit.
954 2607 1073 2670 dicitur
1099 2617 1206 2670 autem
1227 2618 1260 2671 et
1281 2611 1341 2671 hoc
1361 2624 1395 2671 44

253 2695 408 2759 iudicium
430 2695 640 2774 secutorium,
675 2693 762 2774 quod
784 2694 931 2773 sequitur
953 2695 1132 2775 sponsionis
1155 2696 1338 2772 uictoriam;

145 2779 229 2866 470
255 2783 312 2846 sed
339 2801 404 2844 non
435 2800 536 2861 aeque
560 2781 789 2844 Cascellianum
819 2788 962 2842 uocatur.
1011 2780 1074 2843 Sed
1096 2781 1172 2860 quia
1194 2744 1342 2844 nonnulli

254 2871 302 2930 int
289 2867 424 2930 terdicto
447 2867 571 2930 reddito
595 2876 699 2929 cetera
720 2885 760 2927 ex
782 2865 950 2928 interdicto
972 2866 1077 2930 lacere
1099 2867 1261 2948 nolebant,
1291 2878 1342 2930 ac

258 2973 320 3034 que
343 2954 383 3016 ob
406 2951 439 3014 id
462 2973 525 3014 non
546 2973 587 3034 po
588 2961 669 3014 terat
692 2971 743 3014 res
766 2941 926 3031 expediri,
952 2962 1043 3032 praet
1045 2972 1080 3014 or
1094 2950 1132 3036 ΙΙ
1123 2973 1157 3014 44
1180 2973 1249 3015 eam
1271 2974 1340 3016 rem
1351 2978 1394 3030 pg
1398 2967 1448 3014 444

255 3040 419 3120 prospexit
448 3049 480 3100 et
501 3039 687 3118 conparauit
716 3037 884 3100 interdieta
914 3057 996 3118 quae
1019 3039 1208 3102 secundaria
1229 3041 1344 3121 appel·
1362 3054 1394 3099 34

256 3126 375 3204 lamus,
409 3122 494 3204 quod
522 3123 661 3186 secundo
684 3123 750 3185 loco
772 3123 963 3186 redduntur.
1011 3143 1143 3204 quorum
1165 3127 1215 3188 uis
1236 3133 1267 3188 et
1284 3146 1343 3208 po-

256 3219 298 3274 tes
300 3218 347 3272 tas
375 3211 453 3272 haec
484 3218 549 3288 est,
581 3217 617 3271 ut
646 3210 702 3290 qui
733 3218 839 3272 cetera
868 3229 908 3272 ex
939 3210 1108 3272 interdicto
1137 3230 1200 3272 non
1230 3211 1337 3292 faciat,

255 3297 358 3360 ueluti
381 3299 437 3378 qui
459 3297 526 3358 uim
549 3315 612 3358 non
635 3294 728 3357 iaciat
750 3304 805 3357 aut
792 3295 949 3358 tiruotus
971 3316 1034 3358 non
1057 3298 1193 3384 licentur
1214 3305 1271 3360 aut
1285 3301 1342 3379 qui

256 3383 379 3447 fructus
412 3382 597 3448 licitationis
624 3383 701 3444 satis
729 3401 793 3443 non
828 3381 880 3444 det
867 3391 966 3444 taut
1000 3383 1027 3444 si
1060 3385 1243 3464 sponsiones
1277 3404 1342 3448 non

327 3559 336 3602 4
364 3554 517 3620 possederit
542 3553 686 3615 0444444444,
711 3552 865 3618 possideret
889 3552 923 3603 04
945 3551 957 3614 14
979 3555 992 3602 4
1019 3555 1179 3618 sponsionis
1200 3555 1340 3616 0444444444,

256 3624 416 3688 sponsiones
432 3623 478 3688 014
496 3626 510 3672 6
529 3624 593 3686 quia
607 3622 745 3685 0444444444,
766 3635 848 3686 quam
863 3621 906 3684 04,
926 3621 993 3685 cous.
1011 3621 1042 3672 04
1056 3635 1119 3686 pop.
1133 3627 1186 3676 435
1202 3637 1273 3674 uere.
1289 3623 1344 3691 4511

257 3696 285 3742 44
314 3705 449 3742 summam
469 3691 504 3754 ·C,
531 3705 653 3742 summas
676 3691 794 3742 Huschke
817 3691 828 3754 ss
853 3694 954 3740 44-44
977 3693 1187 3756 possessionem]
1214 3693 1281 3756 conf.
1310 3692 1344 3744 04

253 3774 317 3826 pap.
331 3766 382 3815 434
394 3761 443 3824 ios.
463 3767 487 3812 et
502 3774 563 3824 pop
576 3762 627 3814 487
644 3757 715 3812 cers
729 3765 763 3811 344
780 3757 790 3826 ΙΙ
809 3763 839 3808 44
857 3761 939 3810 cerba
956 3761 1016 3810 44404
1032 3761 1065 3810 ab
1083 3774 1151 3826 quos
1168 3764 1297 3823 usquead
1311 3766 1341 3812 43

256 3830 361 3882 fructus
384 3831 412 3879 444
433 3829 467 3881 Gn
489 3842 538 3892 per
562 3841 679 3879 errorem
702 3830 740 3879 4444·
763 3833 860 3891 scriptu
882 3833 943 3879 sect
965 3829 976 3892 ΙΙ
1001 3833 1032 3878 45
1056 3829 1173 3880 alienam
1199 3831 1340 3895 0444414444,

256 3901 411 3950 4444444444
432 3897 477 3957 04,
497 3897 565 3960 cons.
585 3896 836 3961 conconsortio
856 3898 977 3948 nancisci
998 3897 1136 3958 0444444444,
1156 3901 1288 3950 namoisci
1304 3874 1344 3968 Gi!

257 3972 289 4017 44
308 3965 487 4032 reciperauda
505 3950 630 4028 4444444444,
655 3966 850 4030 reciperandae
871 3965 968 4029 01143
987 3968 1088 4032 accipit
1104 3968 1241 4033 3444144444,
1268 3971 1344 4021 acci-

256 4039 347 4118 piatur
368 4036 411 4098 04,
432 4034 499 4097 conf.
523 4034 555 4086 04
568 4046 632 4097 pop
646 4035 730 4098 54441
753 4038 854 4084 34-34
873 4047 980 4098 quorun
998 4035 1048 4098 htis
1066 4039 1092 4086 et
1115 4037 1241 4102 potestlas
1263 4039 1345 4102 44444444

255 4109 284 4156 444
299 4107 327 4169 0,
347 4103 501 4169 44444444
520 4107 550 4152 34
571 4102 658 4166 iaciat]
679 4103 742 4154 lacit
762 4102 858 4166 01133
879 4104 1002 4167 licentur]
1024 4105 1122 4156 licetur
1143 4105 1178 4158 0¹¹
1196 4107 1207 4170 41
1226 4109 1258 4156 st
1278 4110 1343 4160 satis

257 4187 312 4291 gon
331 4175 377 4226 det
395 4175 522 4238 Kreeper,
543 4175 601 4223 sate
620 4185 674 4222 non
690 4172 758 4223 dat?
779 4172 842 4236 0411
860 4174 1021 4238 sponsiones
1040 4175 1167 4240 44444444,
1187 4178 1344 4240 sponsioni-

276 4255 309 4293 us
330 4243 373 4297 0¹¹.
