2908 4764
277 319 315 369 111
333 317 493 383 4444-444
660 351 745 363 ...-
792 318 851 380 128
895 353 981 364 „-

192 509 252 569 444
277 508 486 589 appellamus.
533 509 674 587 Sponsor
705 508 748 569 ita
777 508 988 588 interrogatur
1017 527 1094 569 444444
1116 526 1185 570 nini
1208 510 1362 570 srornrs‘i

276 593 511 674 iidepromissor
541 589 615 677 (44444
646 613 719 654 rnen
748 594 996 654 rrnnraourrrrsi
1033 593 1201 656 fideiussor
1223 596 1268 657 ita
1292 613 1363 656 44444

276 699 343 741 riou
365 699 420 740 rra
441 697 506 740 444444
528 679 632 740 44444444
652 678 832 742 uidebimus
859 678 909 760 [de
925 678 986 760 his]
1012 689 1129 758 autem,
1156 699 1220 760 quo
1235 681 1360 742 nomine

276 768 401 847 possint
421 767 549 846 proprie
572 766 726 846 appellari
751 766 806 846 qui
830 766 873 827 ita
896 766 1131 846 interrogantur
1156 785 1233 828 44444
1254 769 1361 828 44444444

193 853 252 912 444
276 871 354 916 roan
372 853 552 914 4444444444
574 871 645 912 444444
668 853 787 913 riorus?
824 853 998 932 Sponsores
1022 851 1153 932 quidem
1176 861 1208 914 et
1223 852 1388 934 fideprot

276 941 425 1000 missores
448 947 479 1000 at
502 938 704 1000 fideiussores
727 957 822 1018 saepe
845 939 982 1000 solemus
1006 938 1164 1018 accipere,
1198 937 1279 1000 dum
1308 959 1361 1001 ou-

277 1044 383 1088 ramus
405 1033 442 1086 ut
464 1023 650 1105 diligentius
673 1024 764 1086 nobis
780 1033 908 1086 cautum
924 1025 980 1101 sit;
1008 1023 1272 1104 adstipulatorem
1289 1044 1360 1088 uero

276 1111 341 1174 iere
365 1119 442 1172 tuno
464 1111 565 1172 solum
588 1109 784 1190 adhibemus„
812 1130 884 1172 oum
899 1111 944 1172 ita
959 1110 1160 1190 stipulamur,
1187 1119 1222 1172 ut
1239 1109 1362 1192 aliquid

276 1205 495 1278 postmortem
510 1205 649 1258 nostram
666 1196 771 1258 detur.
813 1193 827 1280 <
1346 1193 1359 1278 >

277 1281 460 1363 stipulando
483 1282 563 1343 nihil
585 1283 720 1362 agimus,
746 1281 917 1344 adhibetur
940 1282 1157 1363 adstipulator,
1181 1291 1220 1345 ut
1241 1283 1271 1344 is
1294 1290 1362 1363 post
1376 1293 1400 1338 44

278 1377 409 1430 mortem
432 1377 571 1430 nostram
594 1377 683 1448 agat3
711 1368 767 1448 qui
790 1368 817 1428 si
840 1367 918 1448 quid
941 1367 1036 1430 luerit
1058 1377 1256 1448 consecutus,
1285 1368 1300 1451 44
1323 1367 1431 1440 dopna

277 1453 463 1517 restituendo
486 1473 524 1515 eo
547 1454 686 1517 mandati
711 1453 828 1515 iudioio
852 1452 963 1514 heredi
990 1453 1081 1534 [meo]
1107 1463 1247 1516 tenetur.

195 1541 254 1599 448
365 1541 531 1622 Sponsoris
553 1559 628 1602 uero
652 1551 683 1602 et
705 1538 968 1620 iidepromissoris
984 1539 1098 1602 similis
1113 1538 1255 1602 eondioio
1274 1538 1358 1625 (4444,

195 1628 254 1685 444
279 1625 476 1689 fideiussoris
505 1624 599 1688 ualde
623 1625 799 1688 dissimilis.
838 1627 916 1688 Nam
938 1625 984 1686 illi
1008 1625 1136 1706 quidem
1159 1627 1257 1688 nullis
1283 1627 1361 1688 obli-

277 1713 458 1792 gationibus
481 1711 629 1774 accedere
653 1721 787 1793 possunt
801 1712 863 1773 nisi
878 1710 1055 1792 uerborum,
1086 1712 1246 1793 (quamuis
1261 1713 1361 1774 inter·
1377 1722 1402 1767 44

277 1798 352 1860 dunt
381 1800 449 1880 ipse
480 1800 537 1879 qui
564 1801 760 1879 promiserit,
793 1817 856 1859 non
886 1796 983 1858 fuerit
1012 1797 1188 1878 obligatus,
1221 1799 1315 1860 uelut
1335 1798 1360 1860 si

277 1886 388 1946 mulier
420 1893 476 1946 aut
507 1885 651 1965 pupillus
682 1887 751 1946 sine
780 1884 895 1946 tutoris
924 1885 1110 1946 auctoritate
1140 1892 1195 1946 aut
1225 1885 1361 1965 quilibet

277 1978 500 2051 postmortem
523 1989 613 2032 suam
635 1969 705 2032 dari
727 1969 918 2051 promiserit.
962 1978 994 2030 at
1017 1969 1097 2032 illud
1120 1971 1304 2050 quaeritur,
1335 1971 1360 2032 si

278 2075 391 2118 seruus
414 2064 469 2118 aut
491 2056 680 2136 peregrinus
704 2055 924 2136 spoponderit,
950 2074 990 2116 an
1013 2075 1071 2137 pro
1094 2075 1130 2117 eo
1154 2067 1289 2137 sponsor
1311 2063 1361 2118 aui

188 2143 264 2201 tte*
279 2140 515 2221 iidepromissor
538 2140 723 2223 obligetur).
754 2140 934 2203 Fideiussor
960 2161 1038 2204 uero
1068 2143 1216 2204 omnibus
1240 2143 1361 2224 obliga·
1375 2151 1404 2198 tt

277 2226 428 2307 tionibus,
456 2226 490 2288 id
513 2236 562 2288 est
585 2227 655 2289 siue
677 2247 712 2290 re
735 2228 804 2289 siue
826 2227 936 2290 uerbis
959 2230 1028 2290 siue
1051 2227 1167 2290 litteris
1192 2229 1261 2290 sine
1286 2248 1359 2290 oon-

278 2333 374 2376 sensn
396 2321 573 2376 contractae
596 2313 714 2376 fuerint
737 2313 962 2393 obligationes,
996 2313 1078 2376 adioi
1101 2323 1216 2394 potest.
1263 2333 1300 2377 aa
1321 2333 1360 2375 ne

276 2400 356 2464 illud
378 2399 510 2481 quidem
532 2401 682 2476 interest,
716 2409 824 2463 utrum
847 2399 952 2461 oiuilis
974 2418 1012 2460 an
1036 2399 1190 2462 naturalis
1213 2399 1361 2481 obligatio

277 2487 319 2548 sit
341 2489 392 2550 eui
416 2487 587 2564 adiciatur,
614 2485 691 2548 adeo
715 2484 857 2567 quidem,
883 2493 919 2546 ut
940 2505 998 2565 pro
1021 2505 1115 2548 seruo
1137 2505 1265 2566 quoque
1281 2486 1361 2548 ohli-

278 2581 378 2653 getur,
405 2574 474 2636 siue
497 2581 667 2636 extraneus
687 2573 727 2634 sit
750 2575 805 2652 qui
824 2593 845 2635 a
869 2591 961 2633 seruo
978 2571 1197 2634 fideiussorem
1212 2572 1355 2653 accipiat,
1376 2581 1405 2626 24

193 2659 251 2720 420
277 2661 346 2722 siue
376 2661 446 2740 ipse
475 2658 622 2721 dominus
651 2660 683 2720 in
714 2657 748 2720 id
778 2656 863 2738 quod
893 2657 954 2720 sibi
983 2657 1149 2720 debeatur.
1196 2660 1360 2721 Praeterea

277 2791 1359 2824 ΝνᾺΛΝἋΛΛΝυννᾺΝκΛΛΝννᾺΝννννννᾺΛΛΝνῊᾺΜΝᾺΛΝννῖΛΛΝνᾺΝννΝΝ*

346 2845 420 2910 §tii
441 2847 504 2897 iude
523 2847 556 2897 ab
578 2852 591 2896 5
610 2849 722 2898 solemne
742 2861 830 2912 usque
852 2847 886 2897 ad
906 2850 919 2896 7
940 2851 974 2898 444
995 2846 1050 2897 iere
1070 2867 1101 2890 =
1117 2848 1180 2896 inst.
1201 2850 1225 2909 3,
1246 2850 1278 2896 24
1291 2860 1332 2912 pr.
1351 2842 1360 2911 44

278 2913 369 2979 44444
387 2915 451 2965 inde
469 2915 503 2965 ab
523 2921 553 2965 24
573 2919 690 2966 omnibns
709 2917 764 2967 lero
783 2937 814 2960 =
834 2917 899 2966 lost.
915 2919 940 2978 3,
956 2920 996 2976 24,
1014 2921 1037 2966 t.

276 3015 834 3033 mmmmmxxxmwvmmw

347 3090 356 3134 4
379 3099 441 3137 roan
463 3086 600 3148 Goeselten,
621 3087 688 3150 conf.
705 3087 735 3138 44
749 3102 812 3152 pap.
826 3092 877 3142 242
894 3101 965 3138 nera.
979 3091 1015 3140 52
1032 3087 1043 3149 44
1062 3091 1076 3136 2
1095 3087 1132 3136 ita
1150 3089 1249 3138 addidit
1262 3087 1359 3138 444444-
1451 3087 1452 3136 l

276 3157 321 3218 inp
339 3153 349 3217 44
367 3155 461 3216 (altero
473 3155 538 3214 ioco)
551 3169 613 3206 44444
629 3156 767 3218 Goeseben,
782 3157 848 3220 cons.
866 3156 898 3206 0ι
911 3170 974 3220 paq.
989 3159 1040 3210 242
1051 3169 1121 3206 nere.
1133 3159 1168 3207 42
1185 3155 1197 3219 44
1217 3159 1284 3206 4-5
1296 3169 1358 3206 romi

277 3237 350 3274 44444
371 3237 432 3275 roan
460 3223 603 3286 04444444,
633 3225 659 3274 id
684 3224 763 3276 dabis
784 3226 813 3275 id
840 3225 873 3287 0,
901 3225 968 3288 cons.
997 3225 1027 3274 0³
1048 3238 1110 3289 pap.
1129 3231 1181 3278 242
1202 3239 1274 3276 nero.
1292 3229 1328 3276 55
1350 3221 1359 3291 44
1451 3279 1452 3298 ,

277 3295 291 3340 9
310 3293 407 3342 multae
422 3297 513 3356 patent
530 3296 590 3344 niae
607 3295 757 3356 saepienda·
779 3295 921 3346 4444444444
936 3299 1044 3356 propter
1061 3294 1277 3344 homoeoteleuton
1295 3295 1359 3344 talia
1451 3339 1452 3348 ,

275 3361 330 3423 sere
348 3363 507 3412 intercidisse
524 3365 688 3424 suspicatur:
707 3364 768 3427 quia
788 3366 861 3414 enim
879 3363 957 3414 nobis
976 3365 1007 3412 444
1024 3365 1085 3428 post
1102 3365 1219 3413 mortem
1238 3365 1358 3414 nostram

277 3446 367 3509 detur,
392 3447 403 3510 44
426 3451 456 3496 44
481 3447 660 3512 adstipulator
678 3449 815 3513 4444444444,
835 3453 871 3498 at·
892 3449 1033 3513 stipulator
1053 3449 1116 3512 (4.4.
1136 3450 1228 3498 autem
1247 3446 1362 3513 stipula·
1450 3445 1452 3508 ,

277 3515 326 3577 tor)
350 3515 393 3578 0¹³,
419 3516 486 3579 cons.
508 3515 539 3566 04
553 3529 617 3580 paq.
631 3517 683 3572 2⁵7
702 3518 713 3581 44
732 3521 763 3566 42
782 3531 843 3568 meo
861 3519 956 3568 delenit
975 3519 1105 3568 Polenaar
1122 3516 1133 3579 44
1153 3520 1183 3565 tt
1204 3529 1271 3566 uero
1292 3516 1359 3566 Gae-

276 3585 368 3647 scien,
392 3585 436 3634 uel
462 3585 504 3649 0¹¹,
531 3586 598 3648 conf.
623 3586 653 3636 0²
674 3599 736 3650 pap.
757 3591 808 3636 444
827 3587 838 3650 44
858 3591 900 3637 est
926 3587 1025 3636 addidit
1048 3586 1197 3636 Lachmann
1223 3586 1299 3649 (cons.
1327 3585 1361 3636 0

273 3667 336 3716 pap.
350 3659 400 3708 245
418 3667 488 3704 nors.
502 3655 548 3715 544
566 3655 577 3718 44
595 3659 627 3704 45
647 3656 785 3706 interdurn
806 3655 949 3718 Gaesaben,
971 3659 1017 3706 ani
1035 3654 1156 3705 intardus
1175 3659 1221 3704 ani
1240 3654 1358 3704 interdui
1451 3705 1452 3712 ,

279 3721 325 3785 044
349 3726 380 3772 44
399 3724 445 3787 qui
466 3723 604 3788 Goesenen,
629 3723 693 3788 quid
715 3723 734 3774 0
756 3724 767 3788 44
790 3727 820 3774 48
839 3737 889 3789 pos
910 3722 936 3786 0,
962 3723 1028 3786 cons.
1049 3722 1080 3773 0³
1094 3726 1222 3786 44444245
1240 3723 1252 3787 4
1271 3727 1300 3772 44
1322 3725 1360 3784 (in

273 3792 335 3856 444444
355 3793 403 3842 aut
423 3792 566 3854 04444444,
592 3796 681 3843 autem
709 3792 751 3852 00,
775 3793 841 3856 44444.
865 3792 895 3843 0Ι
914 3805 976 3855 pap.
990 3795 1042 3846 257
1064 3792 1075 3855 44
1100 3795 1199 3841 24-22
1223 3803 1359 3842 consensu
1451 3795 1452 3860 J

277 3861 348 3921 inst,
369 3874 482 3911 consens
497 3860 524 3922 0,
544 3861 611 3924 conf.
628 3861 659 3912 ca
673 3875 735 3926 pap.
750 3866 802 3916 244
819 3863 829 3926 44
847 3865 879 3910 22
898 3874 930 3911 ao
943 3862 1135 3911 institutionum
1152 3861 1252 3910 codices
1269 3860 1362 3910 444444-
1451 3893 1452 3898 ,

275 3943 328 3990 res,
349 3930 383 3980 ad
404 3929 429 3990 0,
456 3932 483 3978 at
501 3930 691 3980 institutionum
713 3933 810 3981 codices
833 3932 930 3992 aliquot
947 3931 1086 3980 deteriores
1109 3929 1120 3992 44
1143 3932 1173 3978 23
1193 3942 1227 3978 an
1248 3930 1321 3989 4444,
1343 3930 1357 3976 a
1451 3963 1452 3968 1

279 4001 305 4061 (i.
317 4013 339 4050 e.
354 4000 425 4061 444444
442 3997 484 4058 Cn,
505 3999 572 4061 conf.
589 3997 620 4048 0⁸
634 4003 762 4062 44444255
774 3999 821 4062 ins.
840 4000 851 4063 44
870 4000 971 4048 24-24
990 3997 1118 4062 obligatio
1137 3999 1171 4048 sit
1185 3997 1212 4058 0,
1233 3999 1270 4048 444
1287 3996 1359 4048 obli·
1451 3999 1452 4012 ²

277 4069 345 4132 gatio
359 4069 422 4118 14444.
443 4067 454 4130 44
473 4071 502 4116 25
524 4079 638 4118 aseruo
657 4067 845 4120 fideiussorem
865 4067 908 4130 Cn,
928 4066 1115 4118 fideiussorem
1133 4081 1148 4118 a
1166 4079 1248 4118 seruo
1268 4067 1330 4118 14444.
1351 4061 1363 4131 44
1451 4095 1452 4098 =

275 4138 392 4206 accipiat
411 4137 483 4198 last,
505 4136 591 4201 accipi
612 4133 655 4203 044
673 4139 705 4186 26
723 4136 852 4188 debeatur
872 4135 898 4200 0,
919 4135 1035 4187 debetur
1053 4137 1115 4188 inst.
