<?xml version="1.0" encoding="UTF-8"?>
<!DOCTYPE html PUBLIC "-//W3C//DTD XHTML 1.0 Transitional//EN"
    "http://www.w3.org/TR/xhtml1/DTD/xhtml1-transitional.dtd">
<html xmlns="http://www.w3.org/1999/xhtml" xml:lang="en" lang="en">
 <head>
  <title>
</title>
<meta http-equiv="Content-Type" content="text/html;charset=utf-8" />
  <meta name='ocr-system' content='tesseract 3.04.00' />
  <meta name='ocr-capabilities' content='ocr_page ocr_carea ocr_par ocr_line ocrx_word'/>
</head>
<body>
  <div class='ocr_page' id='page_1' title='image "./gaiinstitvtione00kruegoog_0208.png"; bbox 0 0 2966 4758; ppageno 0'>
   <div class='ocr_carea' id='block_1_1' title="bbox 267 355 973 422">
    <p class='ocr_par' dir='ltr' id='par_1_1' title="bbox 267 355 973 422">
     <span class='ocr_line' id='line_1_1' title="bbox 267 355 973 422; baseline -0.006 -14"><span class='ocrx_word' id='word_1_1' title='bbox 267 357 302 408; x_wconf 85' lang='lat' dir='ltr'><strong>iv</strong></span> <span class='ocrx_word' id='word_1_2' title='bbox 320 355 447 422; x_wconf 76' lang='lat' dir='ltr'><strong>§to-xo</strong></span> <span class='ocrx_word' id='word_1_3' title='bbox 649 391 736 404; x_wconf 84' lang='lat'><strong>..-</strong></span> <span class='ocrx_word' id='word_1_4' title='bbox 783 357 842 421; x_wconf 73' lang='lat'><strong>160</strong></span> <span class='ocrx_word' id='word_1_5' title='bbox 886 389 973 404; x_wconf 84' lang='grc'><strong>...-</strong></span> 
     </span>
    </p>
   </div>
   <div class='ocr_carea' id='block_1_2' title="bbox 206 543 1467 1574">
    <p class='ocr_par' dir='ltr' id='par_1_2' title="bbox 206 543 1467 1574">
     <span class='ocr_line' id='line_1_2' title="bbox 206 543 1358 627; baseline 0 -19"><span class='ocrx_word' id='word_1_6' title='bbox 206 546 246 608; x_wconf 86' lang='grc'><strong>47</strong></span> <span class='ocrx_word' id='word_1_7' title='bbox 270 545 410 627; x_wconf 91' lang='lat' dir='ltr'><strong>ponitur.</strong></span> <span class='ocrx_word' id='word_1_8' title='bbox 456 544 575 625; x_wconf 89' lang='lat' dir='ltr'><strong>Siqua</strong></span> <span class='ocrx_word' id='word_1_9' title='bbox 598 562 649 606; x_wconf 89' lang='lat' dir='ltr'><strong>res</strong></span> <span class='ocrx_word' id='word_1_10' title='bbox 678 545 751 608; x_wconf 85' lang='lat' dir='ltr'><strong>talis</strong></span> <span class='ocrx_word' id='word_1_11' title='bbox 780 553 864 625; x_wconf 89' lang='lat' dir='ltr'><strong>erat,</strong></span> <span class='ocrx_word' id='word_1_12' title='bbox 899 553 936 608; x_wconf 94' lang='grc' dir='ltr'><strong>ιι4</strong></span> <span class='ocrx_word' id='word_1_13' title='bbox 965 543 1034 608; x_wconf 89' lang='lat' dir='ltr'><strong>sine</strong></span> <span class='ocrx_word' id='word_1_14' title='bbox 1064 544 1260 609; x_wconf 89' lang='lat' dir='ltr'><strong>incommodo</strong></span> <span class='ocrx_word' id='word_1_15' title='bbox 1290 565 1358 608; x_wconf 92' lang='lat' dir='ltr'><strong>non</strong></span> 
     </span>
     <span class='ocr_line' id='line_1_3' title="bbox 270 629 1359 712; baseline 0.002 -19"><span class='ocrx_word' id='word_1_16' title='bbox 270 641 378 712; x_wconf 87' lang='lat' dir='ltr'><strong>posset</strong></span> <span class='ocrx_word' id='word_1_17' title='bbox 399 631 432 692; x_wconf 93' lang='lat' dir='ltr'><strong>in</strong></span> <span class='ocrx_word' id='word_1_18' title='bbox 456 631 506 692; x_wconf 89' lang='lat' dir='ltr'><strong>ius</strong></span> <span class='ocrx_word' id='word_1_19' title='bbox 534 629 653 693; x_wconf 81' lang='lat' dir='ltr'>adferri</span> <span class='ocrx_word' id='word_1_20' title='bbox 682 632 736 693; x_wconf 92' lang='lat' dir='ltr'><strong>nel</strong></span> <span class='ocrx_word' id='word_1_21' title='bbox 765 629 897 710; x_wconf 78' lang='lat' dir='ltr'>adduci,</span> <span class='ocrx_word' id='word_1_22' title='bbox 931 631 1035 694; x_wconf 89' lang='lat' dir='ltr'><strong>ueluti</strong></span> <span class='ocrx_word' id='word_1_23' title='bbox 1066 632 1093 694; x_wconf 89' lang='lat' dir='ltr'><strong>si</strong></span> <span class='ocrx_word' id='word_1_24' title='bbox 1125 632 1272 696; x_wconf 89' lang='lat' dir='ltr'><strong>columna</strong></span> <span class='ocrx_word' id='word_1_25' title='bbox 1300 642 1359 695; x_wconf 91' lang='lat' dir='ltr'><strong>aut</strong></span> 
     </span>
     <span class='ocr_line' id='line_1_4' title="bbox 270 716 1467 798; baseline 0.007 -20"><span class='ocrx_word' id='word_1_26' title='bbox 270 736 349 798; x_wconf 79' lang='lat' dir='ltr'><strong>grex</strong></span> <span class='ocrx_word' id='word_1_27' title='bbox 371 717 508 779; x_wconf 88' lang='lat' dir='ltr'><strong>alicuius</strong></span> <span class='ocrx_word' id='word_1_28' title='bbox 530 718 654 798; x_wconf 91' lang='lat' dir='ltr'><strong>pecoris</strong></span> <span class='ocrx_word' id='word_1_29' title='bbox 676 725 770 797; x_wconf 88' lang='lat' dir='ltr'><strong>esset,</strong></span> <span class='ocrx_word' id='word_1_30' title='bbox 805 736 881 798; x_wconf 88' lang='lat' dir='ltr'><strong>pars</strong></span> <span class='ocrx_word' id='word_1_31' title='bbox 907 718 1016 798; x_wconf 90' lang='lat' dir='ltr'><strong>aliqua</strong></span> <span class='ocrx_word' id='word_1_32' title='bbox 1044 716 1118 780; x_wconf 90' lang='lat' dir='ltr'><strong>inde</strong></span> <span class='ocrx_word' id='word_1_33' title='bbox 1148 719 1361 795; x_wconf 81' lang='lat' dir='ltr'><strong>sumebatur3.</strong></span> <span class='ocrx_word' id='word_1_34' title='bbox 1466 779 1467 786; x_wconf 71' lang='grc'><strong>,</strong></span> 
     </span>
     <span class='ocr_line' id='line_1_5' title="bbox 270 799 1467 885; baseline 0.003 -21"><span class='ocrx_word' id='word_1_35' title='bbox 270 801 388 864; x_wconf 87' lang='lat' dir='ltr'><strong>deinde</strong></span> <span class='ocrx_word' id='word_1_36' title='bbox 410 801 444 863; x_wconf 90' lang='lat' dir='ltr'><strong>in</strong></span> <span class='ocrx_word' id='word_1_37' title='bbox 466 821 535 864; x_wconf 90' lang='lat' dir='ltr'><strong>eam</strong></span> <span class='ocrx_word' id='word_1_38' title='bbox 557 810 682 883; x_wconf 85' lang='lat' dir='ltr'><strong>partem</strong></span> <span class='ocrx_word' id='word_1_39' title='bbox 704 805 796 884; x_wconf 85' lang='lat' dir='ltr'>quasi</span> <span class='ocrx_word' id='word_1_40' title='bbox 820 804 852 866; x_wconf 94' lang='lat' dir='ltr'><strong>in</strong></span> <span class='ocrx_word' id='word_1_41' title='bbox 875 812 973 867; x_wconf 90' lang='lat' dir='ltr'><strong>totam</strong></span> <span class='ocrx_word' id='word_1_42' title='bbox 996 823 1062 866; x_wconf 88' lang='lat' dir='ltr'><strong>rem</strong></span> <span class='ocrx_word' id='word_1_43' title='bbox 1077 814 1281 885; x_wconf 80' lang='lat' dir='ltr'><strong>praesentem</strong></span> <span class='ocrx_word' id='word_1_44' title='bbox 1295 805 1358 867; x_wconf 86' lang='lat' dir='ltr'><strong>fie-</strong></span> <span class='ocrx_word' id='word_1_45' title='bbox 1465 799 1467 840; x_wconf 60' lang='lat'>³</span> 
     </span>
     <span class='ocr_line' id='line_1_6' title="bbox 269 888 1394 972; baseline -0.002 -22"><span class='ocrx_word' id='word_1_46' title='bbox 269 889 325 951; x_wconf 90' lang='lat' dir='ltr'><strong>bat</strong></span> <span class='ocrx_word' id='word_1_47' title='bbox 346 888 532 951; x_wconf 89' lang='lat' dir='ltr'><strong>uindicatio.</strong></span> <span class='ocrx_word' id='word_1_48' title='bbox 567 890 673 969; x_wconf 83' lang='lat' dir='ltr'><strong>itaque</strong></span> <span class='ocrx_word' id='word_1_49' title='bbox 695 908 736 950; x_wconf 88' lang='lat' dir='ltr'><strong>ex</strong></span> <span class='ocrx_word' id='word_1_50' title='bbox 758 908 850 972; x_wconf 77' lang='lat' dir='ltr'><strong>greye</strong></span> <span class='ocrx_word' id='word_1_51' title='bbox 872 889 926 952; x_wconf 91' lang='lat' dir='ltr'><strong>uel</strong></span> <span class='ocrx_word' id='word_1_52' title='bbox 948 909 1014 952; x_wconf 91' lang='lat' dir='ltr'><strong>una</strong></span> <span class='ocrx_word' id='word_1_53' title='bbox 1035 891 1105 952; x_wconf 90' lang='lat' dir='ltr'><strong>ouis</strong></span> <span class='ocrx_word' id='word_1_54' title='bbox 1128 899 1182 953; x_wconf 91' lang='lat' dir='ltr'><strong>aut</strong></span> <span class='ocrx_word' id='word_1_55' title='bbox 1204 910 1300 972; x_wconf 89' lang='lat' dir='ltr'><strong>capra</strong></span> <span class='ocrx_word' id='word_1_56' title='bbox 1323 891 1394 952; x_wconf 81' lang='lat' dir='ltr'><strong>ino</strong></span> 
     </span>
     <span class='ocr_line' id='line_1_7' title="bbox 269 975 1467 1057; baseline 0.003 -21"><span class='ocrx_word' id='word_1_57' title='bbox 269 975 321 1036; x_wconf 90' lang='lat' dir='ltr'><strong>ius</strong></span> <span class='ocrx_word' id='word_1_58' title='bbox 344 975 572 1054; x_wconf 71' lang='lat' dir='ltr'><strong>adducebatur,</strong></span> <span class='ocrx_word' id='word_1_59' title='bbox 598 975 653 1037; x_wconf 92' lang='lat' dir='ltr'><strong>uel</strong></span> <span class='ocrx_word' id='word_1_60' title='bbox 676 977 772 1038; x_wconf 77' lang='lat' dir='ltr'><strong>ctiam</strong></span> <span class='ocrx_word' id='word_1_61' title='bbox 793 977 881 1057; x_wconf 90' lang='lat' dir='ltr'><strong>pilus</strong></span> <span class='ocrx_word' id='word_1_62' title='bbox 904 975 977 1038; x_wconf 84' lang='lat' dir='ltr'><strong>iude</strong></span> <span class='ocrx_word' id='word_1_63' title='bbox 1000 975 1185 1039; x_wconf 81' lang='lat' dir='ltr'><strong>sumebatur</strong></span> <span class='ocrx_word' id='word_1_64' title='bbox 1206 987 1239 1039; x_wconf 89' lang='lat' dir='ltr'><strong>et</strong></span> <span class='ocrx_word' id='word_1_65' title='bbox 1253 978 1286 1039; x_wconf 92' lang='lat' dir='ltr'><strong>in</strong></span> <span class='ocrx_word' id='word_1_66' title='bbox 1304 979 1359 1040; x_wconf 91' lang='lat' dir='ltr'><strong>ius</strong></span> <span class='ocrx_word' id='word_1_67' title='bbox 1465 1009 1467 1056; x_wconf 78' lang='lat' dir='ltr'><strong>t</strong></span> 
     </span>
     <span class='ocr_line' id='line_1_8' title="bbox 269 1059 1467 1143; baseline 0.003 -21"><span class='ocrx_word' id='word_1_68' title='bbox 269 1059 490 1140; x_wconf 78' lang='lat' dir='ltr'><strong>adserebatur,</strong></span> <span class='ocrx_word' id='word_1_69' title='bbox 517 1080 558 1122; x_wconf 84' lang='lat' dir='ltr'><strong>ex</strong></span> <span class='ocrx_word' id='word_1_70' title='bbox 579 1079 663 1123; x_wconf 89' lang='lat' dir='ltr'><strong>naue</strong></span> <span class='ocrx_word' id='word_1_71' title='bbox 685 1081 762 1124; x_wconf 92' lang='lat' dir='ltr'><strong>uero</strong></span> <span class='ocrx_word' id='word_1_72' title='bbox 785 1069 817 1124; x_wconf 91' lang='lat' dir='ltr'><strong>et</strong></span> <span class='ocrx_word' id='word_1_73' title='bbox 839 1062 985 1124; x_wconf 91' lang='lat' dir='ltr'><strong>columna</strong></span> <span class='ocrx_word' id='word_1_74' title='bbox 1008 1063 1116 1142; x_wconf 88' lang='lat' dir='ltr'><strong>aliqua</strong></span> <span class='ocrx_word' id='word_1_75' title='bbox 1137 1082 1212 1143; x_wconf 89' lang='lat' dir='ltr'><strong>pars</strong></span> <span class='ocrx_word' id='word_1_76' title='bbox 1234 1062 1359 1126; x_wconf 85' lang='lat' dir='ltr'><strong>deirin-</strong></span> <span class='ocrx_word' id='word_1_77' title='bbox 1466 1067 1467 1084; x_wconf 65' lang='lat'>¹</span> 
     </span>
     <span class='ocr_line' id='line_1_9' title="bbox 269 1145 1356 1226; baseline 0.002 -16"><span class='ocrx_word' id='word_1_78' title='bbox 269 1145 415 1226; x_wconf 82' lang='lat' dir='ltr'><strong>gebatur.</strong></span> <span class='ocrx_word' id='word_1_79' title='bbox 463 1147 610 1210; x_wconf 86' lang='lat' dir='ltr'><strong>similiter</strong></span> <span class='ocrx_word' id='word_1_80' title='bbox 639 1146 666 1209; x_wconf 94' lang='lat' dir='ltr'><strong>si</strong></span> <span class='ocrx_word' id='word_1_81' title='bbox 696 1146 737 1210; x_wconf 92' lang='lat' dir='ltr'><strong>de</strong></span> <span class='ocrx_word' id='word_1_82' title='bbox 767 1147 865 1210; x_wconf 87' lang='lat' dir='ltr'><strong>lunda</strong></span> <span class='ocrx_word' id='word_1_83' title='bbox 896 1149 951 1211; x_wconf 90' lang='lat' dir='ltr'><strong>uel</strong></span> <span class='ocrx_word' id='word_1_84' title='bbox 981 1147 1022 1210; x_wconf 89' lang='lat' dir='ltr'><strong>dc</strong></span> <span class='ocrx_word' id='word_1_85' title='bbox 1051 1148 1186 1211; x_wconf 91' lang='lat' dir='ltr'><strong>aedibus</strong></span> <span class='ocrx_word' id='word_1_86' title='bbox 1214 1149 1285 1212; x_wconf 90' lang='lat' dir='ltr'><strong>siue</strong></span> <span class='ocrx_word' id='word_1_87' title='bbox 1315 1149 1356 1212; x_wconf 94' lang='lat' dir='ltr'><strong>de</strong></span> 
     </span>
     <span class='ocr_line' id='line_1_10' title="bbox 269 1233 1467 1316; baseline 0.005 -22"><span class='ocrx_word' id='word_1_88' title='bbox 269 1233 447 1296; x_wconf 85' lang='lat' dir='ltr'><strong>hereditate</strong></span> <span class='ocrx_word' id='word_1_89' title='bbox 470 1235 685 1298; x_wconf 88' lang='lat' dir='ltr'><strong>controuersia</strong></span> <span class='ocrx_word' id='word_1_90' title='bbox 707 1243 789 1312; x_wconf 89' lang='lat' dir='ltr'><strong>erat,</strong></span> <span class='ocrx_word' id='word_1_91' title='bbox 821 1253 895 1315; x_wconf 89' lang='lat' dir='ltr'><strong>pars</strong></span> <span class='ocrx_word' id='word_1_92' title='bbox 924 1234 1033 1316; x_wconf 91' lang='lat' dir='ltr'><strong>aliqua</strong></span> <span class='ocrx_word' id='word_1_93' title='bbox 1063 1233 1138 1296; x_wconf 88' lang='lat' dir='ltr'><strong>inde</strong></span> <span class='ocrx_word' id='word_1_94' title='bbox 1167 1235 1358 1298; x_wconf 86' lang='lat' dir='ltr'><strong>sumebatur</strong></span> <span class='ocrx_word' id='word_1_95' title='bbox 1466 1297 1467 1300; x_wconf 74' lang='grc'><strong>,</strong></span> 
     </span>
     <span class='ocr_line' id='line_1_11' title="bbox 270 1317 1409 1402; baseline 0.003 -22"><span class='ocrx_word' id='word_1_96' title='bbox 270 1327 302 1381; x_wconf 84' lang='grc'><strong>44</strong></span> <span class='ocrx_word' id='word_1_97' title='bbox 324 1319 358 1380; x_wconf 93' lang='lat' dir='ltr'><strong>in</strong></span> <span class='ocrx_word' id='word_1_98' title='bbox 380 1320 432 1381; x_wconf 90' lang='lat' dir='ltr'><strong>ius</strong></span> <span class='ocrx_word' id='word_1_99' title='bbox 454 1317 659 1381; x_wconf 78' lang='lat' dir='ltr'><strong>adserebatur</strong></span> <span class='ocrx_word' id='word_1_100' title='bbox 682 1328 714 1382; x_wconf 91' lang='lat' dir='ltr'><strong>et</strong></span> <span class='ocrx_word' id='word_1_101' title='bbox 735 1319 768 1381; x_wconf 93' lang='lat' dir='ltr'><strong>in</strong></span> <span class='ocrx_word' id='word_1_102' title='bbox 791 1339 861 1382; x_wconf 87' lang='lat' dir='ltr'><strong>earn</strong></span> <span class='ocrx_word' id='word_1_103' title='bbox 882 1330 1006 1401; x_wconf 85' lang='lat' dir='ltr'><strong>partem</strong></span> <span class='ocrx_word' id='word_1_104' title='bbox 1027 1319 1163 1402; x_wconf 85' lang='lat' dir='ltr'><strong>perinde</strong></span> <span class='ocrx_word' id='word_1_105' title='bbox 1193 1330 1292 1402; x_wconf 92' lang='lat' dir='ltr'><strong>atque</strong></span> <span class='ocrx_word' id='word_1_106' title='bbox 1322 1321 1357 1383; x_wconf 96' lang='lat' dir='ltr'><strong>in</strong></span> <span class='ocrx_word' id='word_1_107' title='bbox 1378 1331 1409 1376; x_wconf 86' lang='lat'><strong>⁴⁰</strong></span> 
     </span>
     <span class='ocr_line' id='line_1_12' title="bbox 269 1405 1357 1486; baseline 0.004 -20"><span class='ocrx_word' id='word_1_108' title='bbox 269 1413 367 1468; x_wconf 87' lang='lat' dir='ltr'><strong>totam</strong></span> <span class='ocrx_word' id='word_1_109' title='bbox 389 1424 456 1467; x_wconf 88' lang='lat' dir='ltr'><strong>rem</strong></span> <span class='ocrx_word' id='word_1_110' title='bbox 478 1413 680 1486; x_wconf 85' lang='lat' dir='ltr'><strong>praesentem</strong></span> <span class='ocrx_word' id='word_1_111' title='bbox 702 1405 799 1468; x_wconf 88' lang='lat' dir='ltr'><strong>fiebat</strong></span> <span class='ocrx_word' id='word_1_112' title='bbox 827 1405 1015 1486; x_wconf 90' lang='lat' dir='ltr'><strong>uindicatio,</strong></span> <span class='ocrx_word' id='word_1_113' title='bbox 1050 1407 1154 1468; x_wconf 92' lang='lat' dir='ltr'><strong>ueluti</strong></span> <span class='ocrx_word' id='word_1_114' title='bbox 1175 1427 1226 1469; x_wconf 86' lang='lat' dir='ltr'><strong>ex</strong></span> <span class='ocrx_word' id='word_1_115' title='bbox 1254 1407 1357 1470; x_wconf 87' lang='lat' dir='ltr'><strong>lunda</strong></span> 
     </span>
     <span class='ocr_line' id='line_1_13' title="bbox 270 1491 1359 1574; baseline 0.003 -21"><span class='ocrx_word' id='word_1_116' title='bbox 270 1491 364 1572; x_wconf 80' lang='lat' dir='ltr'><strong>gleba</strong></span> <span class='ocrx_word' id='word_1_117' title='bbox 393 1491 578 1554; x_wconf 86' lang='lat' dir='ltr'><strong>sumebatur</strong></span> <span class='ocrx_word' id='word_1_118' title='bbox 610 1501 642 1553; x_wconf 95' lang='lat' dir='ltr'><strong>et</strong></span> <span class='ocrx_word' id='word_1_119' title='bbox 671 1511 713 1554; x_wconf 84' lang='lat' dir='ltr'><strong>ex</strong></span> <span class='ocrx_word' id='word_1_120' title='bbox 747 1491 884 1554; x_wconf 89' lang='lat' dir='ltr'><strong>aedibus</strong></span> <span class='ocrx_word' id='word_1_121' title='bbox 914 1493 1039 1574; x_wconf 81' lang='lat' dir='ltr'><strong>tegula,</strong></span> <span class='ocrx_word' id='word_1_122' title='bbox 1073 1502 1106 1554; x_wconf 94' lang='lat' dir='ltr'><strong>et</strong></span> <span class='ocrx_word' id='word_1_123' title='bbox 1136 1494 1162 1554; x_wconf 90' lang='lat' dir='ltr'><strong>si</strong></span> <span class='ocrx_word' id='word_1_124' title='bbox 1192 1493 1233 1556; x_wconf 89' lang='lat' dir='ltr'><strong>de</strong></span> <span class='ocrx_word' id='word_1_125' title='bbox 1262 1495 1359 1556; x_wconf 89' lang='lat' dir='ltr'><strong>here·</strong></span> 
     </span>
    </p>
   </div>
   <div class='ocr_carea' id='block_1_3' title="bbox 269 1574 1357 1662">
    <p class='ocr_par' dir='ltr' id='par_1_3' title="bbox 269 1574 1357 1662">
     <span class='ocr_line' id='line_1_14' title="bbox 269 1574 1357 1662; baseline 0.003 -23"><span class='ocrx_word' id='word_1_126' title='bbox 269 1576 367 1640; x_wconf 90' lang='lat' dir='ltr'><strong>ditate</strong></span> <span class='ocrx_word' id='word_1_127' title='bbox 389 1579 604 1640; x_wconf 87' lang='lat' dir='ltr'><strong>controuersia</strong></span> <span class='ocrx_word' id='word_1_128' title='bbox 626 1586 703 1657; x_wconf 82' lang='lat' dir='ltr'><strong>erat,</strong></span> <span class='ocrx_word' id='word_1_129' title='bbox 737 1596 840 1658; x_wconf 89' lang='lat' dir='ltr'><strong>aeque</strong></span> <span class='ocrx_word' id='word_1_130' title='bbox 861 1574 1357 1662; x_wconf 68' lang='grc'><strong>44----·</strong></span> 
     </span>
    </p>
   </div>
   <div class='ocr_carea' id='block_1_4' title="bbox 605 1663 1407 1782">
    <p class='ocr_par' dir='ltr' id='par_1_4' title="bbox 605 1663 1407 1782">
     <span class='ocr_line' id='line_1_15' title="bbox 605 1663 1407 1782; baseline 0.001 -68"><span class='ocrx_word' id='word_1_131' title='bbox 605 1666 649 1726; x_wconf 86' lang='grc'><strong>448</strong></span> <span class='ocrx_word' id='word_1_132' title='bbox 668 1677 762 1714; x_wconf 71' lang='lat' dir='ltr'><strong>uersata</strong></span> <span class='ocrx_word' id='word_1_133' title='bbox 778 1667 807 1714; x_wconf 85' lang='grc'><strong>44</strong></span> <span class='ocrx_word' id='word_1_134' title='bbox 828 1663 1008 1726; x_wconf 72' lang='lat' dir='ltr'><strong>camerano)</strong></span> <span class='ocrx_word' id='word_1_135' title='bbox 1355 1700 1358 1782; x_wconf 39' lang='lat' dir='ltr'><strong>p</strong></span> <span class='ocrx_word' id='word_1_136' title='bbox 1377 1709 1407 1754; x_wconf 57' lang='grc' dir='ltr'>Η</span> 
     </span>
    </p>
   </div>
   <div class='ocr_carea' id='block_1_5' title="bbox 268 1781 1457 1954">
    <p class='ocr_par' dir='ltr' id='par_1_5' title="bbox 268 1781 1457 1954">
     <span class='ocr_line' id='line_1_16' title="bbox 268 1781 1457 1880; baseline -0.01 -29"><span class='ocrx_word' id='word_1_137' title='bbox 268 1784 1190 1880; x_wconf 71' lang='lat' dir='ltr'><strong>————qualem—capiendum</strong></span> <span class='ocrx_word' id='word_1_138' title='bbox 1210 1783 1332 1846; x_wconf 88' lang='lat' dir='ltr'><strong>iudicio</strong></span> <span class='ocrx_word' id='word_1_139' title='bbox 1351 1781 1410 1868; x_wconf 68' lang='lat' dir='ltr'><strong>lpg.</strong></span> <span class='ocrx_word' id='word_1_140' title='bbox 1414 1795 1457 1840; x_wconf 82' lang='grc'><strong>445</strong></span> 
     </span>
     <span class='ocr_line' id='line_1_17' title="bbox 269 1867 1359 1954; baseline -0.001 -21"><span class='ocrx_word' id='word_1_141' title='bbox 269 1906 449 1916; x_wconf 89' lang='lat'><strong>—-</strong></span> <span class='ocrx_word' id='word_1_142' title='bbox 463 1870 589 1933; x_wconf 68' lang='lat' dir='ltr'><strong>die*-</strong></span> <span class='ocrx_word' id='word_1_143' title='bbox 530 1891 589 1933; x_wconf 87' lang='lat' dir='ltr'><strong>xxx</strong></span> <span class='ocrx_word' id='word_1_144' title='bbox 607 1869 648 1934; x_wconf 91' lang='lat' dir='ltr'><strong>ad</strong></span> <span class='ocrx_word' id='word_1_145' title='bbox 670 1869 811 1932; x_wconf 92' lang='lat' dir='ltr'><strong>iudicem</strong></span> <span class='ocrx_word' id='word_1_146' title='bbox 833 1869 1025 1951; x_wconf 89' lang='lat' dir='ltr'><strong>capiendum</strong></span> <span class='ocrx_word' id='word_1_147' title='bbox 1048 1879 1173 1952; x_wconf 91' lang='lat' dir='ltr'><strong>praesto</strong></span> <span class='ocrx_word' id='word_1_148' title='bbox 1196 1889 1265 1932; x_wconf 88' lang='lat' dir='ltr'><strong>esse</strong></span> <span class='ocrx_word' id='word_1_149' title='bbox 1288 1867 1359 1954; x_wconf 69' lang='lat' dir='ltr'><strong>del-</strong></span> 
     </span>
    </p>
   </div>
   <div class='ocr_carea' id='block_1_6' title="bbox 205 1953 1467 2984">
    <p class='ocr_par' dir='ltr' id='par_1_6' title="bbox 208 1953 1467 2469">
     <span class='ocr_line' id='line_1_18' title="bbox 208 1953 1353 2038; baseline 0.005 -26"><span class='ocrx_word' id='word_1_150' title='bbox 208 1953 246 2012; x_wconf 86' lang='grc'><strong>48</strong></span> <span class='ocrx_word' id='word_1_151' title='bbox 271 1955 395 2020; x_wconf 84' lang='lat' dir='ltr'><strong>bebaot.</strong></span> <span class='ocrx_word' id='word_1_152' title='bbox 456 1955 618 2018; x_wconf 82' lang='lat' dir='ltr'><strong>condicere</strong></span> <span class='ocrx_word' id='word_1_153' title='bbox 648 1965 755 2019; x_wconf 89' lang='lat' dir='ltr'><strong>autem</strong></span> <span class='ocrx_word' id='word_1_154' title='bbox 785 1955 975 2018; x_wconf 88' lang='lat' dir='ltr'><strong>denuntiare</strong></span> <span class='ocrx_word' id='word_1_155' title='bbox 1011 1966 1059 2018; x_wconf 90' lang='lat' dir='ltr'><strong>est</strong></span> <span class='ocrx_word' id='word_1_156' title='bbox 1088 1958 1195 2038; x_wconf 91' lang='lat' dir='ltr'><strong>prisca</strong></span> <span class='ocrx_word' id='word_1_157' title='bbox 1228 1956 1353 2036; x_wconf 80' lang='lat' dir='ltr'><strong>lingua.</strong></span> 
     </span>
     <span class='ocr_line' id='line_1_19' title="bbox 270 2041 1357 2124; baseline 0.002 -23"><span class='ocrx_word' id='word_1_158' title='bbox 270 2041 379 2122; x_wconf 89' lang='lat' dir='ltr'><strong>itaque</strong></span> <span class='ocrx_word' id='word_1_159' title='bbox 401 2042 478 2103; x_wconf 89' lang='lat' dir='ltr'><strong>haec</strong></span> <span class='ocrx_word' id='word_1_160' title='bbox 501 2042 632 2123; x_wconf 89' lang='lat' dir='ltr'><strong>quidem</strong></span> <span class='ocrx_word' id='word_1_161' title='bbox 654 2051 703 2104; x_wconf 91' lang='lat' dir='ltr'><strong>act</strong></span> <span class='ocrx_word' id='word_1_162' title='bbox 703 2043 733 2104; x_wconf 91' lang='lat' dir='ltr'><strong>io</strong></span> <span class='ocrx_word' id='word_1_163' title='bbox 755 2043 883 2124; x_wconf 88' lang='lat' dir='ltr'><strong>proprie</strong></span> <span class='ocrx_word' id='word_1_164' title='bbox 899 2042 1055 2105; x_wconf 90' lang='lat' dir='ltr'><strong>condictio</strong></span> <span class='ocrx_word' id='word_1_165' title='bbox 1070 2043 1259 2118; x_wconf 90' lang='lat' dir='ltr'><strong>uocabatur;</strong></span> <span class='ocrx_word' id='word_1_166' title='bbox 1280 2061 1357 2103; x_wconf 92' lang='lat' dir='ltr'><strong>nam</strong></span> 
     </span>
     <span class='ocr_line' id='line_1_20' title="bbox 271 2127 1357 2209; baseline 0.001 -22"><span class='ocrx_word' id='word_1_167' title='bbox 271 2136 359 2188; x_wconf 89' lang='lat' dir='ltr'><strong>actor</strong></span> <span class='ocrx_word' id='word_1_168' title='bbox 386 2127 568 2190; x_wconf 90' lang='lat' dir='ltr'><strong>aduersario</strong></span> <span class='ocrx_word' id='word_1_169' title='bbox 599 2127 827 2208; x_wconf 86' lang='lat' dir='ltr'><strong>denuntiabat,</strong></span> <span class='ocrx_word' id='word_1_170' title='bbox 859 2139 895 2191; x_wconf 93' lang='lat' dir='ltr'><strong>ut</strong></span> <span class='ocrx_word' id='word_1_171' title='bbox 925 2129 966 2191; x_wconf 93' lang='lat' dir='ltr'><strong>ad</strong></span> <span class='ocrx_word' id='word_1_172' title='bbox 994 2129 1133 2192; x_wconf 92' lang='lat' dir='ltr'><strong>iudicem</strong></span> <span class='ocrx_word' id='word_1_173' title='bbox 1162 2127 1357 2209; x_wconf 90' lang='lat' dir='ltr'><strong>capiendum</strong></span> 
     </span>
     <span class='ocr_line' id='line_1_21' title="bbox 270 2213 1467 2297; baseline -0.004 -21"><span class='ocrx_word' id='word_1_174' title='bbox 270 2213 394 2276; x_wconf 64' lang='lat' dir='ltr'><strong>die-xxx</strong></span> <span class='ocrx_word' id='word_1_175' title='bbox 416 2213 552 2276; x_wconf 86' lang='lat' dir='ltr'><strong>adesset.</strong></span> <span class='ocrx_word' id='word_1_176' title='bbox 591 2233 678 2276; x_wconf 92' lang='lat' dir='ltr'><strong>nunc</strong></span> <span class='ocrx_word' id='word_1_177' title='bbox 699 2235 776 2278; x_wconf 90' lang='lat' dir='ltr'><strong>uero</strong></span> <span class='ocrx_word' id='word_1_178' title='bbox 799 2233 864 2276; x_wconf 92' lang='lat' dir='ltr'><strong>non</strong></span> <span class='ocrx_word' id='word_1_179' title='bbox 882 2215 1010 2297; x_wconf 89' lang='lat' dir='ltr'><strong>proprie</strong></span> <span class='ocrx_word' id='word_1_180' title='bbox 1026 2213 1255 2278; x_wconf 82' lang='lat' dir='ltr'><strong>condictionem</strong></span> <span class='ocrx_word' id='word_1_181' title='bbox 1271 2213 1358 2276; x_wconf 93' lang='lat' dir='ltr'><strong>dici·</strong></span> <span class='ocrx_word' id='word_1_182' title='bbox 1377 2227 1410 2272; x_wconf 79' lang='lat' dir='ltr'><strong>no</strong></span> <span class='ocrx_word' id='word_1_183' title='bbox 1466 2281 1467 2288; x_wconf 35' lang='grc'><strong>,</strong></span> 
     </span>
     <span class='ocr_line' id='line_1_22' title="bbox 269 2295 1361 2404; baseline 0.003 -45"><span class='ocrx_word' id='word_1_184' title='bbox 269 2317 342 2362; x_wconf 88' lang='lat' dir='ltr'><strong>mus</strong></span> <span class='ocrx_word' id='word_1_185' title='bbox 372 2300 526 2362; x_wconf 92' lang='lat' dir='ltr'><strong>actionem</strong></span> <span class='ocrx_word' id='word_1_186' title='bbox 557 2302 590 2362; x_wconf 90' lang='lat' dir='ltr'><strong>in</strong></span> <span class='ocrx_word' id='word_1_187' title='bbox 618 2319 788 2404; x_wconf 83' lang='lat' dir='ltr'><strong>personam</strong></span> <span class='ocrx_word' id='word_1_188' title='bbox 814 2295 912 2387; x_wconf 82' lang='lat' dir='ltr'><strong>(esse,</strong></span> <span class='ocrx_word' id='word_1_189' title='bbox 944 2296 1023 2388; x_wconf 82' lang='lat' dir='ltr'><strong>qua&gt;</strong></span> <span class='ocrx_word' id='word_1_190' title='bbox 1052 2300 1250 2363; x_wconf 88' lang='lat' dir='ltr'><strong>intendimus</strong></span> <span class='ocrx_word' id='word_1_191' title='bbox 1280 2321 1361 2362; x_wconf 73' lang='lat' dir='ltr'><strong>noar</strong></span> 
     </span>
     <span class='ocr_line' id='line_1_23' title="bbox 269 2384 1359 2469; baseline 0 -22"><span class='ocrx_word' id='word_1_192' title='bbox 269 2405 353 2448; x_wconf 86' lang='lat' dir='ltr'><strong>nonxs</strong></span> <span class='ocrx_word' id='word_1_193' title='bbox 376 2405 542 2465; x_wconf 62' lang='lat' dir='ltr'><strong>aroannam</strong></span> <span class='ocrx_word' id='word_1_194' title='bbox 569 2387 660 2449; x_wconf 91' lang='lat' dir='ltr'><strong>nulla</strong></span> <span class='ocrx_word' id='word_1_195' title='bbox 682 2389 767 2450; x_wconf 90' lang='lat' dir='ltr'><strong>enim</strong></span> <span class='ocrx_word' id='word_1_196' title='bbox 789 2387 881 2450; x_wconf 92' lang='lat' dir='ltr'><strong>hoct</strong></span> <span class='ocrx_word' id='word_1_197' title='bbox 868 2397 1010 2469; x_wconf 90' lang='lat' dir='ltr'><strong>tempore</strong></span> <span class='ocrx_word' id='word_1_198' title='bbox 1033 2407 1069 2450; x_wconf 90' lang='lat' dir='ltr'><strong>eo</strong></span> <span class='ocrx_word' id='word_1_199' title='bbox 1084 2387 1211 2449; x_wconf 89' lang='lat' dir='ltr'><strong>nomine</strong></span> <span class='ocrx_word' id='word_1_200' title='bbox 1227 2384 1359 2448; x_wconf 91' lang='lat' dir='ltr'><strong>denun-</strong></span> 
     </span>
    </p>

    <p class='ocr_par' dir='ltr' id='par_1_7' title="bbox 207 2471 1357 2642">
     <span class='ocr_line' id='line_1_24' title="bbox 207 2471 1357 2556; baseline 0.005 -28"><span class='ocrx_word' id='word_1_201' title='bbox 207 2471 245 2531; x_wconf 88' lang='grc'><strong>49</strong></span> <span class='ocrx_word' id='word_1_202' title='bbox 269 2472 336 2534; x_wconf 92' lang='lat' dir='ltr'><strong>tiat</strong></span> <span class='ocrx_word' id='word_1_203' title='bbox 313 2481 357 2534; x_wconf 86' lang='lat' dir='ltr'><strong>tro</strong></span> <span class='ocrx_word' id='word_1_204' title='bbox 380 2471 426 2534; x_wconf 87' lang='lat' dir='ltr'><strong>fit.</strong></span> <span class='ocrx_word' id='word_1_205' title='bbox 466 2475 549 2535; x_wconf 90' lang='lat' dir='ltr'><strong>Haec</strong></span> <span class='ocrx_word' id='word_1_206' title='bbox 570 2483 677 2536; x_wconf 90' lang='lat' dir='ltr'><strong>autem</strong></span> <span class='ocrx_word' id='word_1_207' title='bbox 700 2474 781 2556; x_wconf 76' lang='lat' dir='ltr'><strong>legis</strong></span> <span class='ocrx_word' id='word_1_208' title='bbox 804 2482 854 2536; x_wconf 91' lang='lat' dir='ltr'><strong>act</strong></span> <span class='ocrx_word' id='word_1_209' title='bbox 856 2475 885 2535; x_wconf 94' lang='lat' dir='ltr'><strong>io</strong></span> <span class='ocrx_word' id='word_1_210' title='bbox 907 2475 1079 2536; x_wconf 89' lang='lat' dir='ltr'><strong>constituta</strong></span> <span class='ocrx_word' id='word_1_211' title='bbox 1101 2483 1151 2535; x_wconf 90' lang='lat' dir='ltr'><strong>est</strong></span> <span class='ocrx_word' id='word_1_212' title='bbox 1172 2491 1231 2554; x_wconf 88' lang='lat' dir='ltr'><strong>per</strong></span> <span class='ocrx_word' id='word_1_213' title='bbox 1250 2473 1357 2553; x_wconf 77' lang='lat' dir='ltr'><strong>legem</strong></span> 
     </span>
     <span class='ocr_line' id='line_1_25' title="bbox 270 2558 1351 2642; baseline 0.001 -22"><span class='ocrx_word' id='word_1_214' title='bbox 270 2558 379 2621; x_wconf 87' lang='lat' dir='ltr'><strong>Siliam</strong></span> <span class='ocrx_word' id='word_1_215' title='bbox 403 2567 435 2621; x_wconf 91' lang='lat' dir='ltr'><strong>et</strong></span> <span class='ocrx_word' id='word_1_216' title='bbox 457 2559 678 2641; x_wconf 84' lang='lat' dir='ltr'><strong>Calpurniam,</strong></span> <span class='ocrx_word' id='word_1_217' title='bbox 705 2561 776 2642; x_wconf 80' lang='lat' dir='ltr'><strong>lege</strong></span> <span class='ocrx_word' id='word_1_218' title='bbox 800 2559 930 2641; x_wconf 89' lang='lat' dir='ltr'><strong>quidem</strong></span> <span class='ocrx_word' id='word_1_219' title='bbox 954 2561 1032 2622; x_wconf 87' lang='lat' dir='ltr'><strong>Silia</strong></span> <span class='ocrx_word' id='word_1_220' title='bbox 1054 2568 1158 2620; x_wconf 90' lang='lat' dir='ltr'><strong>certae</strong></span> <span class='ocrx_word' id='word_1_221' title='bbox 1180 2559 1351 2639; x_wconf 90' lang='lat' dir='ltr'><strong>pecuniae,</strong></span> 
     </span>
    </p>

    <p class='ocr_par' dir='ltr' id='par_1_8' title="bbox 205 2643 1467 2984">
     <span class='ocr_line' id='line_1_26' title="bbox 205 2643 1467 2728; baseline -0.002 -22"><span class='ocrx_word' id='word_1_222' title='bbox 205 2643 245 2706; x_wconf 75' lang='grc'><strong>20</strong></span> <span class='ocrx_word' id='word_1_223' title='bbox 270 2645 340 2726; x_wconf 78' lang='lat' dir='ltr'><strong>lege</strong></span> <span class='ocrx_word' id='word_1_224' title='bbox 363 2665 440 2707; x_wconf 88' lang='lat' dir='ltr'><strong>uero</strong></span> <span class='ocrx_word' id='word_1_225' title='bbox 457 2645 628 2728; x_wconf 86' lang='lat' dir='ltr'><strong>Calpurnia</strong></span> <span class='ocrx_word' id='word_1_226' title='bbox 653 2644 692 2708; x_wconf 91' lang='lat' dir='ltr'><strong>de</strong></span> <span class='ocrx_word' id='word_1_227' title='bbox 715 2647 804 2708; x_wconf 47' lang='lat' dir='ltr'><strong>omni*</strong></span> <span class='ocrx_word' id='word_1_228' title='bbox 823 2655 908 2708; x_wconf 89' lang='lat' dir='ltr'><strong>certa</strong></span> <span class='ocrx_word' id='word_1_229' title='bbox 931 2665 979 2708; x_wconf 88' lang='lat' dir='ltr'><strong>re.</strong></span> <span class='ocrx_word' id='word_1_230' title='bbox 1017 2647 1122 2718; x_wconf 89' lang='lat' dir='ltr'><strong>Quare</strong></span> <span class='ocrx_word' id='word_1_231' title='bbox 1146 2654 1252 2706; x_wconf 91' lang='lat' dir='ltr'><strong>autem</strong></span> <span class='ocrx_word' id='word_1_232' title='bbox 1275 2645 1409 2708; x_wconf 74' lang='lat' dir='ltr'><strong>baccae</strong></span> <span class='ocrx_word' id='word_1_233' title='bbox 1466 2681 1467 2688; x_wconf 33' lang='grc' dir='ltr'>ι</span> 
     </span>
     <span class='ocr_line' id='line_1_27' title="bbox 269 2729 1352 2812; baseline 0 -20"><span class='ocrx_word' id='word_1_234' title='bbox 269 2732 350 2794; x_wconf 91' lang='lat' dir='ltr'><strong>actio</strong></span> <span class='ocrx_word' id='word_1_235' title='bbox 373 2731 617 2796; x_wconf 88' lang='lat' dir='ltr'><strong>desideratat</strong></span> <span class='ocrx_word' id='word_1_236' title='bbox 575 2733 635 2810; x_wconf 90' lang='lat' dir='ltr'><strong>sit,</strong></span> <span class='ocrx_word' id='word_1_237' title='bbox 668 2751 740 2794; x_wconf 90' lang='lat' dir='ltr'><strong>oum</strong></span> <span class='ocrx_word' id='word_1_238' title='bbox 770 2731 809 2794; x_wconf 92' lang='lat' dir='ltr'><strong>de</strong></span> <span class='ocrx_word' id='word_1_239' title='bbox 833 2752 869 2795; x_wconf 91' lang='lat' dir='ltr'><strong>eo</strong></span> <span class='ocrx_word' id='word_1_240' title='bbox 892 2731 979 2812; x_wconf 91' lang='lat' dir='ltr'><strong>quod</strong></span> <span class='ocrx_word' id='word_1_241' title='bbox 1000 2731 1088 2794; x_wconf 88' lang='lat' dir='ltr'><strong>nobis</strong></span> <span class='ocrx_word' id='word_1_242' title='bbox 1116 2729 1185 2793; x_wconf 91' lang='lat' dir='ltr'><strong>dari</strong></span> <span class='ocrx_word' id='word_1_243' title='bbox 1214 2751 1292 2812; x_wconf 93' lang='lat' dir='ltr'><strong>opor</strong></span> <span class='ocrx_word' id='word_1_244' title='bbox 1293 2739 1352 2808; x_wconf 91' lang='lat' dir='ltr'><strong>t,et</strong></span> 
     </span>
     <span class='ocr_line' id='line_1_28' title="bbox 268 2817 1355 2900; baseline 0 -22"><span class='ocrx_word' id='word_1_245' title='bbox 268 2817 465 2898; x_wconf 80' lang='lat' dir='ltr'><strong>potuerimus</strong></span> <span class='ocrx_word' id='word_1_246' title='bbox 488 2827 543 2880; x_wconf 91' lang='lat' dir='ltr'><strong>aut</strong></span> <span class='ocrx_word' id='word_1_247' title='bbox 565 2827 761 2880; x_wconf 89' lang='lat' dir='ltr'><strong>sacramento</strong></span> <span class='ocrx_word' id='word_1_248' title='bbox 792 2827 848 2880; x_wconf 92' lang='lat' dir='ltr'><strong>aut</strong></span> <span class='ocrx_word' id='word_1_249' title='bbox 877 2837 936 2900; x_wconf 91' lang='lat' dir='ltr'><strong>per</strong></span> <span class='ocrx_word' id='word_1_250' title='bbox 965 2818 1081 2881; x_wconf 86' lang='lat' dir='ltr'><strong>iudicis</strong></span> <span class='ocrx_word' id='word_1_251' title='bbox 1109 2817 1355 2899; x_wconf 86' lang='lat' dir='ltr'><strong>postulationem</strong></span> 
     </span>
     <span class='ocr_line' id='line_1_29' title="bbox 268 2901 696 2984; baseline 0.01 -22"><span class='ocrx_word' id='word_1_252' title='bbox 268 2921 371 2984; x_wconf 82' lang='lat' dir='ltr'><strong>agere,</strong></span> <span class='ocrx_word' id='word_1_253' title='bbox 397 2901 493 2965; x_wconf 91' lang='lat' dir='ltr'><strong>ualde</strong></span> <span class='ocrx_word' id='word_1_254' title='bbox 516 2905 696 2984; x_wconf 88' lang='lat' dir='ltr'><strong>quaeritur.</strong></span> 
     </span>
    </p>
   </div>
   <div class='ocr_carea' id='block_1_7' title="bbox 337 3045 1355 3112">
    <p class='ocr_par' dir='ltr' id='par_1_9' title="bbox 337 3045 1355 3112">
     <span class='ocr_line' id='line_1_30' title="bbox 337 3045 1355 3112; baseline 0.001 -15"><span class='ocrx_word' id='word_1_255' title='bbox 337 3045 394 3112; x_wconf 84' lang='grc'><strong>448</strong></span> <span class='ocrx_word' id='word_1_256' title='bbox 414 3060 501 3112; x_wconf 88' lang='lat' dir='ltr'><strong>usque</strong></span> <span class='ocrx_word' id='word_1_257' title='bbox 519 3049 554 3098; x_wconf 90' lang='lat' dir='ltr'><strong>ed</strong></span> <span class='ocrx_word' id='word_1_258' title='bbox 574 3052 604 3098; x_wconf 82' lang='grc'><strong>47</strong></span> <span class='ocrx_word' id='word_1_259' title='bbox 624 3050 714 3112; x_wconf 69' lang='lat' dir='ltr'><strong>itaquo</strong></span> <span class='ocrx_word' id='word_1_260' title='bbox 732 3051 759 3099; x_wconf 93' lang='lat' dir='ltr'><strong>et</strong></span> <span class='ocrx_word' id='word_1_261' title='bbox 776 3049 840 3100; x_wconf 87' lang='lat' dir='ltr'><strong>inde</strong></span> <span class='ocrx_word' id='word_1_262' title='bbox 857 3049 892 3100; x_wconf 86' lang='lat' dir='ltr'><strong>ab</strong></span> <span class='ocrx_word' id='word_1_263' title='bbox 912 3053 942 3098; x_wconf 77' lang='lat'><strong>20</strong></span> <span class='ocrx_word' id='word_1_264' title='bbox 955 3047 1092 3100; x_wconf 81' lang='lat' dir='ltr'><strong>nauclere</strong></span> <span class='ocrx_word' id='word_1_265' title='bbox 1106 3067 1139 3092; x_wconf 72' lang='grc' dir='ltr'><strong>ιι</strong></span> <span class='ocrx_word' id='word_1_266' title='bbox 1151 3049 1216 3100; x_wconf 89' lang='lat' dir='ltr'><strong>inst.</strong></span> <span class='ocrx_word' id='word_1_267' title='bbox 1229 3051 1255 3111; x_wconf 97' lang='grc'><strong>4,</strong></span> <span class='ocrx_word' id='word_1_268' title='bbox 1271 3053 1296 3111; x_wconf 86' lang='grc'><strong>6,</strong></span> <span class='ocrx_word' id='word_1_269' title='bbox 1312 3053 1355 3098; x_wconf 81' lang='grc'><strong>45</strong></span> 
     </span>
    </p>
   </div>
   <div class='ocr_carea' id='block_1_8' title="bbox 265 3173 1356 4274">
    <p class='ocr_par' dir='ltr' id='par_1_10' title="bbox 265 3173 1356 4274">
     <span class='ocr_line' id='line_1_31' title="bbox 337 3173 1352 3244; baseline 0.003 -20"><span class='ocrx_word' id='word_1_270' title='bbox 337 3173 497 3226; x_wconf 75' lang='grc'><strong>4444444444</strong></span> <span class='ocrx_word' id='word_1_271' title='bbox 519 3176 546 3236; x_wconf 89' lang='grc'><strong>0,</strong></span> <span class='ocrx_word' id='word_1_272' title='bbox 567 3175 693 3226; x_wconf 89' lang='lat' dir='ltr'><strong>columna</strong></span> <span class='ocrx_word' id='word_1_273' title='bbox 711 3173 766 3242; x_wconf 86' lang='lat' dir='ltr'><strong>(aut</strong></span> <span class='ocrx_word' id='word_1_274' title='bbox 783 3173 871 3244; x_wconf 87' lang='lat' dir='ltr'><strong>nauis)</strong></span> <span class='ocrx_word' id='word_1_275' title='bbox 889 3177 1018 3227; x_wconf 85' lang='lat' dir='ltr'><strong>Poleaoar</strong></span> <span class='ocrx_word' id='word_1_276' title='bbox 1034 3177 1046 3242; x_wconf 88' lang='grc'><strong>4</strong></span> <span class='ocrx_word' id='word_1_277' title='bbox 1068 3181 1081 3224; x_wconf 79' lang='grc'><strong>4</strong></span> <span class='ocrx_word' id='word_1_278' title='bbox 1095 3177 1191 3242; x_wconf 87' lang='lat' dir='ltr'><strong>itaque</strong></span> <span class='ocrx_word' id='word_1_279' title='bbox 1212 3175 1352 3239; x_wconf 80' lang='grc'><strong>04444444,</strong></span> 
     </span>
     <span class='ocr_line' id='line_1_32' title="bbox 267 3237 1356 3312; baseline 0.004 -20"><span class='ocrx_word' id='word_1_280' title='bbox 267 3244 358 3308; x_wconf 87' lang='lat' dir='ltr'><strong>itaque</strong></span> <span class='ocrx_word' id='word_1_281' title='bbox 376 3243 420 3295; x_wconf 89' lang='lat' dir='ltr'><strong>uel</strong></span> <span class='ocrx_word' id='word_1_282' title='bbox 443 3243 478 3296; x_wconf 84' lang='grc'><strong>04</strong></span> <span class='ocrx_word' id='word_1_283' title='bbox 497 3245 508 3309; x_wconf 93' lang='grc'><strong>44</strong></span> <span class='ocrx_word' id='word_1_284' title='bbox 526 3259 604 3309; x_wconf 83' lang='lat' dir='ltr'><strong>grege</strong></span> <span class='ocrx_word' id='word_1_285' title='bbox 625 3245 769 3308; x_wconf 82' lang='lat' dir='ltr'><strong>Goescbea,</strong></span> <span class='ocrx_word' id='word_1_286' title='bbox 795 3259 891 3310; x_wconf 83' lang='lat' dir='ltr'><strong>grecae</strong></span> <span class='ocrx_word' id='word_1_287' title='bbox 913 3245 960 3310; x_wconf 92' lang='grc'><strong>044</strong></span> <span class='ocrx_word' id='word_1_288' title='bbox 978 3247 1038 3297; x_wconf 90' lang='lat' dir='ltr'><strong>ouis</strong></span> <span class='ocrx_word' id='word_1_289' title='bbox 1058 3237 1198 3304; x_wconf 72' lang='lat' dir='ltr'><strong>decredere,</strong></span> <span class='ocrx_word' id='word_1_290' title='bbox 1226 3247 1289 3309; x_wconf 87' lang='lat' dir='ltr'><strong>quis</strong></span> <span class='ocrx_word' id='word_1_291' title='bbox 1310 3243 1356 3312; x_wconf 86' lang='grc'><strong>044</strong></span> 
     </span>
     <span class='ocr_line' id='line_1_33' title="bbox 269 3286 1352 3379; baseline 0.004 -18"><span class='ocrx_word' id='word_1_292' title='bbox 269 3313 383 3362; x_wconf 77' lang='lat' dir='ltr'><strong>tetiam</strong></span> <span class='ocrx_word' id='word_1_293' title='bbox 404 3313 546 3374; x_wconf 80' lang='grc'><strong>04444444,</strong></span> <span class='ocrx_word' id='word_1_294' title='bbox 572 3314 647 3373; x_wconf 85' lang='grc'><strong>440,</strong></span> <span class='ocrx_word' id='word_1_295' title='bbox 668 3315 736 3378; x_wconf 81' lang='lat' dir='ltr'><strong>coos.</strong></span> <span class='ocrx_word' id='word_1_296' title='bbox 758 3286 788 3365; x_wconf 77' lang='grc'><strong>04</strong></span> <span class='ocrx_word' id='word_1_297' title='bbox 808 3329 872 3379; x_wconf 72' lang='lat' dir='ltr'><strong>poa.</strong></span> <span class='ocrx_word' id='word_1_298' title='bbox 886 3317 938 3370; x_wconf 75' lang='grc'><strong>447</strong></span> <span class='ocrx_word' id='word_1_299' title='bbox 954 3329 1026 3365; x_wconf 81' lang='lat' dir='ltr'><strong>cers.</strong></span> <span class='ocrx_word' id='word_1_300' title='bbox 1041 3319 1075 3366; x_wconf 81' lang='grc'><strong>44</strong></span> <span class='ocrx_word' id='word_1_301' title='bbox 1095 3313 1106 3378; x_wconf 94' lang='grc'><strong>44</strong></span> <span class='ocrx_word' id='word_1_302' title='bbox 1128 3313 1190 3364; x_wconf 92' lang='lat' dir='ltr'><strong>inde</strong></span> <span class='ocrx_word' id='word_1_303' title='bbox 1211 3313 1352 3377; x_wconf 82' lang='grc'><strong>04444444,</strong></span> 
     </span>
     <span class='ocr_line' id='line_1_34' title="bbox 267 3380 1354 3448; baseline 0.004 -18"><span class='ocrx_word' id='word_1_304' title='bbox 267 3380 312 3431; x_wconf 91' lang='lat' dir='ltr'><strong>ide</strong></span> <span class='ocrx_word' id='word_1_305' title='bbox 327 3380 347 3432; x_wconf 95' lang='grc'><strong>0</strong></span> <span class='ocrx_word' id='word_1_306' title='bbox 361 3381 373 3446; x_wconf 93' lang='grc'><strong>44</strong></span> <span class='ocrx_word' id='word_1_307' title='bbox 392 3385 421 3431; x_wconf 85' lang='lat' dir='ltr'><strong>to</strong></span> <span class='ocrx_word' id='word_1_308' title='bbox 441 3383 553 3447; x_wconf 84' lang='lat' dir='ltr'><strong>perinde</strong></span> <span class='ocrx_word' id='word_1_309' title='bbox 569 3382 612 3446; x_wconf 76' lang='grc'><strong>04,</strong></span> <span class='ocrx_word' id='word_1_310' title='bbox 632 3383 699 3446; x_wconf 79' lang='lat' dir='ltr'><strong>conf.</strong></span> <span class='ocrx_word' id='word_1_311' title='bbox 714 3389 801 3434; x_wconf 84' lang='lat' dir='ltr'><strong>tameo</strong></span> <span class='ocrx_word' id='word_1_312' title='bbox 814 3383 846 3434; x_wconf 87' lang='grc'><strong>04</strong></span> <span class='ocrx_word' id='word_1_313' title='bbox 859 3397 922 3447; x_wconf 75' lang='lat' dir='ltr'><strong>pop.</strong></span> <span class='ocrx_word' id='word_1_314' title='bbox 936 3389 988 3439; x_wconf 77' lang='lat'><strong>286</strong></span> <span class='ocrx_word' id='word_1_315' title='bbox 999 3385 1066 3434; x_wconf 87' lang='lat' dir='ltr'><strong>med.</strong></span> <span class='ocrx_word' id='word_1_316' title='bbox 1084 3383 1096 3448; x_wconf 95' lang='grc'><strong>44</strong></span> <span class='ocrx_word' id='word_1_317' title='bbox 1115 3386 1145 3432; x_wconf 74' lang='lat' dir='ltr'><strong>td</strong></span> <span class='ocrx_word' id='word_1_318' title='bbox 1163 3385 1201 3433; x_wconf 85' lang='grc'><strong>444</strong></span> <span class='ocrx_word' id='word_1_319' title='bbox 1217 3383 1274 3445; x_wconf 88' lang='grc'><strong>4444</strong></span> <span class='ocrx_word' id='word_1_320' title='bbox 1288 3397 1354 3446; x_wconf 84' lang='lat' dir='ltr'><strong>per-</strong></span> 
     </span>
     <span class='ocr_line' id='line_1_35' title="bbox 266 3449 1356 3518; baseline 0.002 -18"><span class='ocrx_word' id='word_1_321' title='bbox 266 3451 341 3512; x_wconf 78' lang='grc'><strong>44444</strong></span> <span class='ocrx_word' id='word_1_322' title='bbox 354 3454 469 3512; x_wconf 81' lang='lat' dir='ltr'><strong>(auctore</strong></span> <span class='ocrx_word' id='word_1_323' title='bbox 479 3453 534 3516; x_wconf 86' lang='grc'><strong>4444</strong></span> <span class='ocrx_word' id='word_1_324' title='bbox 545 3453 683 3514; x_wconf 81' lang='grc'><strong>4444444444</strong></span> <span class='ocrx_word' id='word_1_325' title='bbox 698 3453 792 3503; x_wconf 75' lang='lat' dir='ltr'><strong>Gutus:</strong></span> <span class='ocrx_word' id='word_1_326' title='bbox 808 3465 905 3514; x_wconf 84' lang='lat' dir='ltr'><strong>aeque</strong></span> <span class='ocrx_word' id='word_1_327' title='bbox 919 3451 923 3515; x_wconf 97' lang='grc'><strong>4</strong></span> <span class='ocrx_word' id='word_1_328' title='bbox 937 3467 981 3504; x_wconf 88' lang='lat' dir='ltr'><strong>res</strong></span> <span class='ocrx_word' id='word_1_329' title='bbox 993 3453 1084 3518; x_wconf 89' lang='lat' dir='ltr'><strong>aliqua</strong></span> <span class='ocrx_word' id='word_1_330' title='bbox 1097 3451 1159 3502; x_wconf 90' lang='lat' dir='ltr'><strong>inde</strong></span> <span class='ocrx_word' id='word_1_331' title='bbox 1172 3451 1335 3503; x_wconf 85' lang='lat' dir='ltr'><strong>sumebatur</strong></span> <span class='ocrx_word' id='word_1_332' title='bbox 1345 3449 1356 3517; x_wconf 91' lang='grc'><strong>44</strong></span> 
     </span>
     <span class='ocr_line' id='line_1_36' title="bbox 270 3518 1354 3586; baseline 0.003 -18"><span class='ocrx_word' id='word_1_333' title='bbox 270 3518 373 3586; x_wconf 69' lang='lat' dir='ltr'><strong>(laium,</strong></span> <span class='ocrx_word' id='word_1_334' title='bbox 390 3526 527 3583; x_wconf 78' lang='lat' dir='ltr'><strong>postquam</strong></span> <span class='ocrx_word' id='word_1_335' title='bbox 544 3524 575 3572; x_wconf 85' lang='lat' dir='ltr'><strong>de</strong></span> <span class='ocrx_word' id='word_1_336' title='bbox 586 3525 744 3572; x_wconf 78' lang='lat' dir='ltr'><strong>sacramenti</strong></span> <span class='ocrx_word' id='word_1_337' title='bbox 755 3525 854 3572; x_wconf 84' lang='grc'><strong>4444444</strong></span> <span class='ocrx_word' id='word_1_338' title='bbox 867 3523 1065 3584; x_wconf 79' lang='lat' dir='ltr'><strong>disputationem</strong></span> <span class='ocrx_word' id='word_1_339' title='bbox 1076 3523 1110 3572; x_wconf 90' lang='lat' dir='ltr'><strong>od</strong></span> <span class='ocrx_word' id='word_1_340' title='bbox 1119 3523 1197 3586; x_wconf 79' lang='grc'><strong>444444</strong></span> <span class='ocrx_word' id='word_1_341' title='bbox 1206 3523 1354 3582; x_wconf 72' lang='lat' dir='ltr'><strong>perducis-</strong></span> 
     </span>
     <span class='ocr_line' id='line_1_37' title="bbox 266 3591 1353 3655; baseline 0.004 -19"><span class='ocrx_word' id='word_1_342' title='bbox 266 3592 312 3648; x_wconf 82' lang='lat' dir='ltr'><strong>aet,</strong></span> <span class='ocrx_word' id='word_1_343' title='bbox 333 3591 414 3652; x_wconf 76' lang='grc'><strong>444444</strong></span> <span class='ocrx_word' id='word_1_344' title='bbox 432 3592 462 3640; x_wconf 90' lang='lat' dir='ltr'><strong>de</strong></span> <span class='ocrx_word' id='word_1_345' title='bbox 479 3592 541 3655; x_wconf 75' lang='lat' dir='ltr'><strong>lepis</strong></span> <span class='ocrx_word' id='word_1_346' title='bbox 559 3594 660 3642; x_wconf 85' lang='grc'><strong>4444444</strong></span> <span class='ocrx_word' id='word_1_347' title='bbox 676 3605 742 3654; x_wconf 82' lang='lat' dir='ltr'><strong>qaae</strong></span> <span class='ocrx_word' id='word_1_348' title='bbox 756 3604 806 3653; x_wconf 86' lang='lat' dir='ltr'><strong>per</strong></span> <span class='ocrx_word' id='word_1_349' title='bbox 822 3593 914 3642; x_wconf 79' lang='grc'><strong>44444444</strong></span> <span class='ocrx_word' id='word_1_350' title='bbox 928 3592 1129 3652; x_wconf 77' lang='lat' dir='ltr'><strong>postulationem</strong></span> <span class='ocrx_word' id='word_1_351' title='bbox 1143 3591 1233 3654; x_wconf 87' lang='grc'><strong>444444,</strong></span> <span class='ocrx_word' id='word_1_352' title='bbox 1262 3593 1353 3640; x_wconf 79' lang='lat' dir='ltr'><strong>deiude</strong></span> 
     </span>
     <span class='ocr_line' id='line_1_38' title="bbox 266 3657 1352 3724; baseline 0.003 -19"><span class='ocrx_word' id='word_1_353' title='bbox 266 3657 298 3706; x_wconf 86' lang='lat' dir='ltr'><strong>dc</strong></span> <span class='ocrx_word' id='word_1_354' title='bbox 315 3657 378 3720; x_wconf 74' lang='grc'><strong>44444</strong></span> <span class='ocrx_word' id='word_1_355' title='bbox 396 3661 495 3709; x_wconf 85' lang='grc'><strong>4444444</strong></span> <span class='ocrx_word' id='word_1_356' title='bbox 512 3673 578 3722; x_wconf 83' lang='lat' dir='ltr'><strong>quae</strong></span> <span class='ocrx_word' id='word_1_357' title='bbox 592 3673 642 3722; x_wconf 85' lang='lat' dir='ltr'><strong>per</strong></span> <span class='ocrx_word' id='word_1_358' title='bbox 660 3662 845 3710; x_wconf 76' lang='lat' dir='ltr'><strong>condictionem</strong></span> <span class='ocrx_word' id='word_1_359' title='bbox 859 3661 945 3724; x_wconf 77' lang='grc'><strong>44444,</strong></span> <span class='ocrx_word' id='word_1_360' title='bbox 965 3661 1092 3710; x_wconf 83' lang='grc'><strong>4444444444</strong></span> <span class='ocrx_word' id='word_1_361' title='bbox 1107 3659 1237 3709; x_wconf 79' lang='grc'><strong>(44444444</strong></span> <span class='ocrx_word' id='word_1_362' title='bbox 1249 3657 1261 3722; x_wconf 94' lang='grc'><strong>44</strong></span> <span class='ocrx_word' id='word_1_363' title='bbox 1275 3662 1306 3708; x_wconf 79' lang='lat' dir='ltr'><strong>te</strong></span> <span class='ocrx_word' id='word_1_364' title='bbox 1325 3661 1352 3708; x_wconf 83' lang='grc'><strong>44</strong></span> 
     </span>
     <span class='ocr_line' id='line_1_39' title="bbox 265 3727 1352 3791; baseline 0.002 -17"><span class='ocrx_word' id='word_1_365' title='bbox 265 3727 321 3788; x_wconf 81' lang='lat' dir='ltr'><strong>ipso</strong></span> <span class='ocrx_word' id='word_1_366' title='bbox 338 3728 410 3776; x_wconf 86' lang='grc'><strong>444444</strong></span> <span class='ocrx_word' id='word_1_367' title='bbox 430 3731 544 3791; x_wconf 80' lang='lat' dir='ltr'><strong>popinae</strong></span> <span class='ocrx_word' id='word_1_368' title='bbox 568 3731 660 3780; x_wconf 80' lang='grc'><strong>44444444</strong></span> <span class='ocrx_word' id='word_1_369' title='bbox 681 3727 701 3778; x_wconf 97' lang='grc'><strong>0</strong></span> <span class='ocrx_word' id='word_1_370' title='bbox 718 3734 766 3778; x_wconf 81' lang='grc'><strong>494</strong></span> <span class='ocrx_word' id='word_1_371' title='bbox 785 3733 832 3779; x_wconf 80' lang='lat' dir='ltr'><strong>out</strong></span> <span class='ocrx_word' id='word_1_372' title='bbox 849 3728 916 3778; x_wconf 86' lang='lat' dir='ltr'><strong>nihil</strong></span> <span class='ocrx_word' id='word_1_373' title='bbox 941 3733 987 3778; x_wconf 85' lang='lat' dir='ltr'><strong>out</strong></span> <span class='ocrx_word' id='word_1_374' title='bbox 1005 3729 1076 3778; x_wconf 91' lang='lat' dir='ltr'><strong>enim</strong></span> <span class='ocrx_word' id='word_1_375' title='bbox 1099 3739 1149 3790; x_wconf 78' lang='lat' dir='ltr'><strong>per</strong></span> <span class='ocrx_word' id='word_1_376' title='bbox 1173 3729 1352 3790; x_wconf 80' lang='lat' dir='ltr'><strong>compendium</strong></span> 
     </span>
     <span class='ocr_line' id='line_1_40' title="bbox 265 3795 1350 3861; baseline 0.003 -18"><span class='ocrx_word' id='word_1_377' title='bbox 265 3796 391 3856; x_wconf 79' lang='lat' dir='ltr'><strong>seriptum</strong></span> <span class='ocrx_word' id='word_1_378' title='bbox 408 3799 493 3847; x_wconf 85' lang='grc'><strong>44444444</strong></span> <span class='ocrx_word' id='word_1_379' title='bbox 515 3797 525 3860; x_wconf 94' lang='grc'><strong>44</strong></span> <span class='ocrx_word' id='word_1_380' title='bbox 548 3800 579 3846; x_wconf 89' lang='grc'><strong>44</strong></span> <span class='ocrx_word' id='word_1_381' title='bbox 598 3797 657 3861; x_wconf 67' lang='lat' dir='ltr'><strong>iiix]</strong></span> <span class='ocrx_word' id='word_1_382' title='bbox 676 3799 727 3849; x_wconf 68' lang='lat' dir='ltr'><strong>ixii</strong></span> <span class='ocrx_word' id='word_1_383' title='bbox 748 3797 774 3858; x_wconf 90' lang='grc'><strong>0,</strong></span> <span class='ocrx_word' id='word_1_384' title='bbox 794 3797 860 3860; x_wconf 87' lang='grc'><strong>4444.</strong></span> <span class='ocrx_word' id='word_1_385' title='bbox 881 3795 912 3846; x_wconf 86' lang='grc'><strong>04</strong></span> <span class='ocrx_word' id='word_1_386' title='bbox 930 3795 941 3860; x_wconf 92' lang='grc'><strong>44</strong></span> <span class='ocrx_word' id='word_1_387' title='bbox 961 3800 990 3846; x_wconf 82' lang='grc'><strong>44</strong></span> <span class='ocrx_word' id='word_1_388' title='bbox 1014 3797 1081 3861; x_wconf 79' lang='lat' dir='ltr'><strong>conf.</strong></span> <span class='ocrx_word' id='word_1_389' title='bbox 1102 3796 1145 3848; x_wconf 81' lang='grc'><strong>044</strong></span> <span class='ocrx_word' id='word_1_390' title='bbox 1160 3795 1172 3860; x_wconf 94' lang='grc'><strong>4</strong></span> <span class='ocrx_word' id='word_1_391' title='bbox 1190 3795 1350 3847; x_wconf 87' lang='lat' dir='ltr'><strong>denuntiare</strong></span> 
     </span>
     <span class='ocr_line' id='line_1_41' title="bbox 266 3861 1352 3930; baseline 0.004 -18"><span class='ocrx_word' id='word_1_392' title='bbox 266 3867 306 3913; x_wconf 88' lang='lat' dir='ltr'><strong>est</strong></span> <span class='ocrx_word' id='word_1_393' title='bbox 326 3861 369 3926; x_wconf 78' lang='lat'><strong>0¹¹,</strong></span> <span class='ocrx_word' id='word_1_394' title='bbox 390 3867 431 3914; x_wconf 86' lang='lat' dir='ltr'><strong>est</strong></span> <span class='ocrx_word' id='word_1_395' title='bbox 450 3865 611 3916; x_wconf 90' lang='lat' dir='ltr'><strong>denuntiare</strong></span> <span class='ocrx_word' id='word_1_396' title='bbox 629 3867 692 3918; x_wconf 82' lang='lat' dir='ltr'><strong>lost</strong></span> <span class='ocrx_word' id='word_1_397' title='bbox 712 3865 723 3930; x_wconf 93' lang='grc'><strong>44</strong></span> <span class='ocrx_word' id='word_1_398' title='bbox 741 3870 771 3914; x_wconf 82' lang='lat' dir='ltr'><strong>te</strong></span> <span class='ocrx_word' id='word_1_399' title='bbox 791 3870 868 3916; x_wconf 91' lang='lat' dir='ltr'><strong>actor</strong></span> <span class='ocrx_word' id='word_1_400' title='bbox 888 3865 1026 3926; x_wconf 83' lang='grc'><strong>04444444,</strong></span> <span class='ocrx_word' id='word_1_401' title='bbox 1052 3869 1148 3916; x_wconf 85' lang='lat' dir='ltr'><strong>auctor</strong></span> <span class='ocrx_word' id='word_1_402' title='bbox 1167 3864 1187 3914; x_wconf 87' lang='grc'><strong>0</strong></span> <span class='ocrx_word' id='word_1_403' title='bbox 1207 3865 1219 3928; x_wconf 92' lang='grc'><strong>44</strong></span> <span class='ocrx_word' id='word_1_404' title='bbox 1243 3866 1352 3917; x_wconf 91' lang='lat' dir='ltr'><strong>denun-</strong></span> 
     </span>
     <span class='ocr_line' id='line_1_42' title="bbox 265 3931 1352 4000; baseline 0.005 -19.056"><span class='ocrx_word' id='word_1_405' title='bbox 265 3931 349 3983; x_wconf 88' lang='lat' dir='ltr'><strong>tiabat</strong></span> <span class='ocrx_word' id='word_1_406' title='bbox 369 3932 506 3996; x_wconf 79' lang='grc'><strong>04444444,</strong></span> <span class='ocrx_word' id='word_1_407' title='bbox 526 3934 703 3985; x_wconf 81' lang='lat' dir='ltr'><strong>denuntiabat</strong></span> <span class='ocrx_word' id='word_1_408' title='bbox 693 3933 770 3998; x_wconf 89' lang='grc'><strong>4044</strong></span> <span class='ocrx_word' id='word_1_409' title='bbox 788 3938 819 3984; x_wconf 72' lang='lat' dir='ltr'><strong>tt</strong></span> <span class='ocrx_word' id='word_1_410' title='bbox 845 3947 898 3985; x_wconf 88' lang='lat' dir='ltr'><strong>aon</strong></span> <span class='ocrx_word' id='word_1_411' title='bbox 922 3936 1031 4000; x_wconf 88' lang='lat' dir='ltr'><strong>proprie</strong></span> <span class='ocrx_word' id='word_1_412' title='bbox 1052 3935 1094 3998; x_wconf 79' lang='grc'><strong>04,</strong></span> <span class='ocrx_word' id='word_1_413' title='bbox 1120 3934 1233 3985; x_wconf 87' lang='lat' dir='ltr'><strong>abusiue</strong></span> <span class='ocrx_word' id='word_1_414' title='bbox 1253 3935 1317 3988; x_wconf 82' lang='lat' dir='ltr'><strong>last</strong></span> <span class='ocrx_word' id='word_1_415' title='bbox 1342 3931 1352 3998; x_wconf 90' lang='grc' dir='ltr'><strong>ΙΙ</strong></span> 
     </span>
     <span class='ocr_line' id='line_1_43' title="bbox 265 3999 1351 4072; baseline 0.006 -23"><span class='ocrx_word' id='word_1_416' title='bbox 265 4005 362 4050; x_wconf 78' lang='grc'><strong>44-44</strong></span> <span class='ocrx_word' id='word_1_417' title='bbox 384 4003 585 4054; x_wconf 89' lang='lat' dir='ltr'><strong>condictionem</strong></span> <span class='ocrx_word' id='word_1_418' title='bbox 608 4004 725 4056; x_wconf 90' lang='lat' dir='ltr'><strong>dicimus</strong></span> <span class='ocrx_word' id='word_1_419' title='bbox 744 4003 786 4067; x_wconf 81' lang='grc'><strong>04,</strong></span> <span class='ocrx_word' id='word_1_420' title='bbox 811 4005 928 4055; x_wconf 89' lang='lat' dir='ltr'><strong>dicimus</strong></span> <span class='ocrx_word' id='word_1_421' title='bbox 946 4005 1146 4056; x_wconf 85' lang='lat' dir='ltr'><strong>condictionem</strong></span> <span class='ocrx_word' id='word_1_422' title='bbox 1167 4001 1256 4070; x_wconf 82' lang='grc'><strong>44444</strong></span> <span class='ocrx_word' id='word_1_423' title='bbox 1245 4001 1256 4071; x_wconf 92' lang='grc'><strong>44</strong></span> <span class='ocrx_word' id='word_1_424' title='bbox 1275 4008 1302 4056; x_wconf 76' lang='grc'><strong>24</strong></span> <span class='ocrx_word' id='word_1_425' title='bbox 1325 3999 1351 4072; x_wconf 88' lang='grc'><strong>44</strong></span> 
     </span>
     <span class='ocr_line' id='line_1_44' title="bbox 266 4071 1347 4137; baseline 0.003 -17"><span class='ocrx_word' id='word_1_426' title='bbox 266 4072 364 4122; x_wconf 84' lang='lat' dir='ltr'><strong>addidit</strong></span> <span class='ocrx_word' id='word_1_427' title='bbox 381 4072 531 4122; x_wconf 81' lang='grc'><strong>4444444444</strong></span> <span class='ocrx_word' id='word_1_428' title='bbox 550 4087 583 4124; x_wconf 80' lang='lat' dir='ltr'><strong>eac</strong></span> <span class='ocrx_word' id='word_1_429' title='bbox 602 4073 664 4123; x_wconf 81' lang='grc'><strong>4444.</strong></span> <span class='ocrx_word' id='word_1_430' title='bbox 685 4071 694 4136; x_wconf 93' lang='grc'><strong>44</strong></span> <span class='ocrx_word' id='word_1_431' title='bbox 716 4073 776 4124; x_wconf 89' lang='lat' dir='ltr'><strong>dari</strong></span> <span class='ocrx_word' id='word_1_432' title='bbox 795 4074 868 4137; x_wconf 79' lang='lat' dir='ltr'><strong>lact,</strong></span> <span class='ocrx_word' id='word_1_433' title='bbox 894 4073 920 4123; x_wconf 88' lang='lat' dir='ltr'><strong>id</strong></span> <span class='ocrx_word' id='word_1_434' title='bbox 943 4072 969 4134; x_wconf 91' lang='grc'><strong>0,</strong></span> <span class='ocrx_word' id='word_1_435' title='bbox 996 4075 1062 4136; x_wconf 82' lang='lat' dir='ltr'><strong>conf.</strong></span> <span class='ocrx_word' id='word_1_436' title='bbox 1085 4072 1116 4122; x_wconf 83' lang='grc'><strong>04</strong></span> <span class='ocrx_word' id='word_1_437' title='bbox 1130 4085 1193 4136; x_wconf 73' lang='lat' dir='ltr'><strong>poa.</strong></span> <span class='ocrx_word' id='word_1_438' title='bbox 1208 4077 1259 4126; x_wconf 75' lang='grc'><strong>244</strong></span> <span class='ocrx_word' id='word_1_439' title='bbox 1278 4087 1347 4125; x_wconf 79' lang='lat' dir='ltr'><strong>uera.</strong></span> 
     </span>
     <span class='ocr_line' id='line_1_45' title="bbox 266 4111 1347 4224; baseline 0.005 -37"><span class='ocrx_word' id='word_1_440' title='bbox 266 4144 299 4188; x_wconf 82' lang='grc'><strong>44</strong></span> <span class='ocrx_word' id='word_1_441' title='bbox 315 4136 324 4204; x_wconf 94' lang='grc'><strong>44</strong></span> <span class='ocrx_word' id='word_1_442' title='bbox 342 4143 374 4188; x_wconf 75' lang='lat'><strong>22</strong></span> <span class='ocrx_word' id='word_1_443' title='bbox 394 4141 465 4190; x_wconf 88' lang='lat' dir='ltr'><strong>nulle</strong></span> <span class='ocrx_word' id='word_1_444' title='bbox 485 4142 560 4202; x_wconf 81' lang='grc'><strong>4444,</strong></span> <span class='ocrx_word' id='word_1_445' title='bbox 581 4141 683 4192; x_wconf 90' lang='lat' dir='ltr'><strong>nullam</strong></span> <span class='ocrx_word' id='word_1_446' title='bbox 705 4141 724 4192; x_wconf 86' lang='grc'><strong>0</strong></span> <span class='ocrx_word' id='word_1_447' title='bbox 744 4140 752 4208; x_wconf 87' lang='grc'><strong>44</strong></span> <span class='ocrx_word' id='word_1_448' title='bbox 775 4143 805 4192; x_wconf 75' lang='grc'><strong>47</strong></span> <span class='ocrx_word' id='word_1_449' title='bbox 825 4111 995 4208; x_wconf 66' lang='lat' dir='ltr'><strong>po’tuerimus</strong></span> <span class='ocrx_word' id='word_1_450' title='bbox 1017 4143 1155 4202; x_wconf 83' lang='grc'><strong>04444444,</strong></span> <span class='ocrx_word' id='word_1_451' title='bbox 1180 4144 1300 4224; x_wconf 87' lang='lat' dir='ltr'><strong>potuerit</strong></span> <span class='ocrx_word' id='word_1_452' title='bbox 1322 4141 1347 4204; x_wconf 91' lang='grc'><strong>0,</strong></span> 
     </span>
     <span class='ocr_line' id='line_1_46' title="bbox 265 4179 651 4274; baseline 0.016 -18"><span class='ocrx_word' id='word_1_453' title='bbox 265 4208 331 4270; x_wconf 87' lang='grc'><strong>4444.</strong></span> <span class='ocrx_word' id='word_1_454' title='bbox 352 4207 458 4274; x_wconf 73' lang='grc'><strong>04444</strong></span> <span class='ocrx_word' id='word_1_455' title='bbox 472 4213 522 4263; x_wconf 79' lang='grc'><strong>278</strong></span> <span class='ocrx_word' id='word_1_456' title='bbox 539 4179 651 4262; x_wconf 61' lang='lat' dir='ltr'><strong>decad</strong></span> 
     </span>
    </p>
   </div>
   <div class='ocr_carea' id='block_1_9' title="bbox 0 0 1488 4758">
    <p class='ocr_par' dir='ltr' id='par_1_11' title="bbox 0 0 1488 4758">
     <span class='ocr_line' id='line_1_47' title="bbox 0 0 1488 4758; baseline 0 2"><span class='ocrx_word' id='word_1_457' title='bbox 0 0 1488 4758; x_wconf 95' lang='lat' dir='ltr'><strong> </strong></span> 
     </span>
    </p>
   </div>
  </div>
 </body>
</html>
