2908 4764
472 405 557 416 ...
600 373 641 434 75
685 405 771 418 ...-
955 370 1163 436 nmio-loo·

74 564 166 642 fiunt,
201 562 301 623 4444444
322 561 403 634 44444,·
426 559 487 621 ‘sod
509 569 594 622 otoo
615 579 692 641 quoe
720 562 789 622 toro
807 559 896 640 fuoto
918 567 991 621 sont
1011 566 1039 621 ot
1059 567 1163 640 posteo

74 655 203 730 propter
234 647 342 727 cupitis
373 645 605 708 deminutionem
635 647 732 708 4444444
757 643 869 728 fluat>
901 655 1033 726 possunt
1063 644 1162 706 nihilo

79 734 185 795 minus
208 741 305 812 rupta
319 729 392 794 diei.
440 731 497 794 sed
519 731 595 812 quia
618 751 693 794 sane
717 731 910 794 commodius
932 739 1000 793 erat
1022 729 1163 812 singulas

1 845 2 882 1
78 838 190 882 causas
213 817 349 898 singulis
364 817 632 897 appellationibus
648 817 812 898 distingui,
839 817 910 880 ideo
926 815 1084 897 quaedam
1100 835 1163 878 non

1 925 3 997 4
78 906 148 968 iure
161 904 232 966 fieri
245 905 405 982 dicuntur,
425 904 581 982 quaedam
597 903 666 965 iure
682 904 762 966 faeta
779 903 885 984 rumpi
900 905 953 966 uel
968 902 1064 964 inrita
1080 901 1160 964 fieri.
1182 921 1196 966 5

0 996 52 1055 47
164 993 234 1052 Non
257 999 363 1052 tamen
386 1009 445 1069 per
466 990 570 1052 omnia
592 989 719 1052 inutilia
735 1001 809 1052 sunt
824 1009 861 1052 ea
875 996 1065 1051 testamenta
1079 1007 1162 1068 quae

80 1078 132 1140 uel
155 1078 196 1140 ab
219 1075 311 1138 initio
334 1095 396 1136 non
419 1075 488 1138 iure
511 1075 591 1138 lacta
614 1085 690 1138 sunt
711 1076 765 1137 uel
788 1075 857 1138 iure
880 1075 962 1137 laeta
985 1085 1095 1155 postea
1110 1075 1163 1135 in-

81 1164 141 1226 rita
163 1163 247 1226 laete
269 1171 327 1224 out
348 1170 442 1242 rupta
465 1172 551 1224 sunt.
598 1181 671 1224 nam
694 1161 723 1224 si
752 1169 873 1242 septem
902 1159 1032 1223 testium
1063 1158 1162 1242 signis

79 1249 205 1330 signata
234 1247 298 1310 sint
327 1255 532 1327 testamenta,
566 1257 669 1328 potest
698 1247 838 1328 scriptus
866 1249 958 1309 heres
987 1246 1162 1309 seeundum

78 1336 205 1399 tabulas
227 1335 381 1396 bonorum
404 1333 639 1413 possessionem
661 1341 788 1414 petere,
822 1333 848 1394 si
871 1332 963 1395 modo
991 1331 1163 1395 defunctus
1182 1350 1213 1398 44

78 1431 210 1484 44444444
232 1431 265 1482 44
287 1419 366 1482 oiuis
388 1421 545 1482 Romanus
568 1428 601 1481 et
622 1439 700 1482 suoe
716 1418 881 1500 potestatis
895 1418 1006 1481 mortis
1022 1428 1162 1498 tempore

1 1527 2 1590 4
79 1507 188 1572 luerit.
231 1526 306 1568 nam
329 1505 355 1566 si
378 1505 449 1568 ideo
473 1505 604 1567 inritum
621 1507 733 1568 loetum
754 1507 796 1568 sit
815 1514 1051 1584 testamentum,
1077 1503 1163 1584 quod

1 1593 2 1650 ξ
78 1604 159 1674 puta
182 1591 344 1655 ciuitatem
366 1593 419 1654 uel
442 1591 537 1654 etiam
559 1591 739 1655 libertatem
761 1600 893 1654 testator
915 1590 1030 1670 amisit,
1057 1602 1113 1652 out
1135 1593 1163 1652 is

76 1681 111 1742 in
143 1677 343 1760 adoptionem
373 1697 407 1740 se
438 1677 528 1740 dedit
558 1675 615 1762 (ot)
646 1677 755 1740 mortis
788 1687 928 1758 tempore
957 1676 998 1738 in·
1020 1675 1162 1756 adoptiui

77 1766 181 1848 patris
203 1773 359 1846 potestate
381 1763 451 1842 luit,
478 1783 541 1826 non
562 1773 667 1844 potest
697 1765 835 1844 scriptus
865 1765 957 1826 heres
987 1761 1163 1829 seeundum
1182 1783 1213 1829 lo

19 1857 51 1916 48
76 1852 205 1916 tabulas
226 1851 380 1914 honorum
403 1849 637 1930 possessionem
659 1859 779 1930 petere.
821 1845 942 1933 <ltaque
957 1845 1024 1932 qut>
1047 1867 1164 1911 4444444-

79 1939 159 2002 dum
180 1936 307 2000 tabulas
329 1935 511 1999 testamenti
535 1955 616 2016 quae
640 1945 694 1998 aut
717 1935 823 1998 statim
846 1935 886 1998 ab
909 1935 998 1998 initio
1013 1953 1077 1996 non
1092 1933 1162 1997 iure

78 2024 181 2088 laetae
204 2024 278 2100 sint,
305 2032 360 2086 ant
381 2022 451 2084 iure
474 2021 575 2085 faotae
597 2031 707 2102 postea
721 2031 838 2102 ruptae
854 2023 907 2084 uel
922 2021 1039 2083 inritae
1056 2031 1160 2098 erunt,

75 2112 235 2173 honorum
257 2109 491 2189 possessionem
514 2107 689 2188 aooipiunt,
717 2107 744 2170 si
767 2108 858 2170 modo
880 2116 1015 2188 possunt
1036 2106 1166 2170 heredi-

76 2207 178 2260 tatem
201 2195 362 2276 optinere,
394 2194 560 2257 habebunt
580 2195 734 2256 honorum
756 2193 990 2274 possessionem
1013 2213 1085 2255 oum
1108 2213 1160 2270 re3
1182 2212 1213 2258 44

78 2283 106 2347 si
130 2301 210 2344 uero
234 2282 274 2343 ab
297 2280 337 2343 iis
360 2279 485 2344 auocari
506 2279 667 2343 hereditas
688 2289 804 2360 potest,
829 2279 993 2343 habebunt
1010 2278 1164 2340 bonorum

20 2372 54 2431 49
76 2367 317 2451 possessionem
340 2369 409 2429 sine
432 2386 478 2428 re.
518 2386 591 2429 nam
614 2367 640 2428 si
664 2365 737 2446 quis
760 2367 852 2428 heres
875 2365 946 2428 iure
966 2364 1053 2426 oiuili
1069 2364 1164 2426 insti-

76 2464 169 2517 tutus
192 2454 233 2516 sit
255 2453 309 2515 uel
331 2473 372 2516 ex
394 2452 496 2533 primo
518 2453 571 2514 uel
585 2472 625 2514 ex
639 2452 813 2533 posteriore
828 2460 1024 2527 testamento,
1050 2451 1104 2511 uel
1123 2450 1163 2511 ab

76 2543 227 2602 intestato
250 2539 320 2601 iure
342 2538 481 2620 legitimo
505 2539 598 2602 heres
620 2538 677 2618 sit,
703 2538 731 2600 is
754 2547 857 2619 potest
880 2537 920 2600 ab
942 2535 982 2598 iis
1004 2535 1165 2597 heredita·
1182 2554 1214 2601 44

77 2638 143 2689 tem
166 2644 316 2702 aoooare3
342 2625 369 2687 si
390 2644 466 2688 uero
489 2644 581 2686 nemo
602 2620 613 2709 ll
634 2624 676 2687 sit
691 2624 772 2688 alius
788 2623 856 2686 iure
872 2622 961 2684 oiuili
977 2623 1082 2700 444444,
1101 2619 1164 2702 ipsi
1173 2642 1266 2704 pagos

77 2713 217 2776 retinere
240 2711 448 2774 hereditatem
471 2719 621 2792 possunt,
646 2729 706 2774 neo
727 2711 827 2772 ullum
855 2709 907 2772 ius
935 2709 1090 2772 aduersus
1112 2726 1166 2769 eos

2 2801 65 2861 499
80 2799 202 2862 habent
232 2797 371 2878 cognati,
404 2799 458 2879 qut
482 2796 621 2878 legitimo
644 2797 713 2859 iure
737 2795 941 2858 deficiuntur.
987 2793 1165 2874 Aliquando

82 2894 198 2965 tameo,
233 2886 312 2946 444444
340 2903 435 2964 sopra
467 2879 471 2967 Ι
503 2901 629 2962 quoque
659 2883 856 2961 notauimus,
891 2880 986 2943 etiam
1016 2879 1165 2961 legitimis

82 3029 114 3044 W

151 3097 225 3163 §tlt
244 3097 300 3148 iere
319 3117 350 3140 =
371 3099 435 3149 lnst.
449 3101 475 3156 9,
491 3099 532 3158 49,
548 3101 562 3146 9
581 3097 592 3161 ΙΙ
613 3093 702 3161 §ltoo
719 3096 810 3160 supro]
831 3093 858 3160 §5
872 3099 930 3147 499.
947 3097 1005 3143 494.

82 3217 136 3233 AM

153 3300 163 3344 4
186 3297 241 3346 sint
262 3296 399 3358 Goereton,
422 3298 485 3346 sunt
498 3297 560 3345 lost.
575 3294 586 3356 ll
605 3297 669 3345 sunt
687 3297 714 3345 44
728 3294 866 3354 94444444,
887 3293 950 3343 sunt
963 3293 1025 3342 lost.
1044 3291 1055 3354 ΙΙ
1074 3294 1166 3352 94444·

83 3367 148 3416 sunt
172 3365 315 3428 Goesoteo,
341 3367 433 3429 posset
458 3364 534 3426 (coos.
555 3363 587 3414 0²
606 3377 670 3427 pop.
685 3367 736 3418 284
760 3367 784 3412 44
798 3375 860 3425 pop.
878 3362 940 3420 994)
967 3360 1052 3410 nihilo
1077 3360 1166 3408 minus

83 3437 161 3499 rupte
179 3434 234 3484 diei
255 3433 299 3494 6¹¹,
325 3445 469 3498 possumus
493 3431 577 3483 nihilo
596 3434 687 3482 minus
705 3434 785 3496 rupta
803 3431 896 3480 dicere
909 3431 972 3480 44444.
998 3429 1009 3493 ll
1034 3433 1048 3478 9
1070 3429 1166 3490 (priore

84 3504 147 3561 loco)
166 3501 224 3552 fieri
241 3503 268 3562 C,
283 3501 354 3552 laeta
368 3503 429 3552 lost.
450 3501 460 3564 ll
479 3505 493 3551 8
513 3504 561 3552 aut
576 3501 713 3562 Goesoheo,
728 3502 778 3550 ut‘l
796 3499 815 3550 C
832 3500 842 3561 ΙΙ
861 3503 876 3548 9
895 3500 948 3550 sint
960 3500 1121 3548 testamenta
1136 3495 1164 3554 C,

84 3575 150 3624 sunt
162 3572 222 3624 lost.
243 3570 254 3634 ΙΙ
274 3575 304 3622 49
324 3569 430 3621 tabulas
447 3571 490 3632 0¹¹,
510 3570 618 3620 tabulas
635 3571 788 3620 testamentl
803 3569 865 3619 44444.
885 3567 896 3630 ΙΙ
913 3570 1006 3632 petere
1021 3566 1047 3627 0,
1069 3578 1167 3628 agnos·

84 3653 148 3691 cere
166 3641 227 3692 lost.
252 3640 263 3702 11
289 3644 316 3689 44
339 3642 451 3690 testator
477 3639 505 3697 G,
529 3651 579 3688 om.
606 3639 668 3688 lust.
692 3637 704 3700 11
729 3641 759 3686 49
779 3635 880 3687 lactum
903 3637 938 3686 sit
960 3637 1035 3696 lost,
1061 3634 1116 3686 4449
1137 3633 1165 3692 C,

85 3709 155 3771 ooot.
173 3709 203 3760 0Β
217 3722 280 3773 pop.
293 3713 344 3762 998
361 3723 432 3760 44444.
451 3712 482 3759 td
499 3707 510 3770 ΙΙ
527 3705 731 3768 testamentum]
752 3706 819 3768 ooot.
839 3705 870 3757 6⁸
885 3719 947 3768 pop.
961 3706 1014 3756 497
1031 3717 1100 3755 oeus.
1113 3709 1147 3757 99
1158 3698 1167 3769 ll

86 3781 122 3826 43
139 3781 201 3842 puta
223 3778 251 3838 0,
272 3778 422 3840 4441444411
441 3780 488 3828 aut
506 3779 530 3828 is
545 3776 683 3836 Goosoheo,
704 3777 754 3825 uut
771 3774 813 3824 his
829 3774 857 3837 0,
877 3777 924 3824 aut
937 3774 1001 3838 quia
1015 3774 1078 3826 lost.
1094 3775 1168 3835 (pro-

86 3847 204 3907 baltius)
230 3847 241 3909 ΙΙ
267 3847 436 3906 44441444,
460 3859 510 3896 om.
532 3844 552 3895 C
573 3845 584 3908 ΙΙ
608 3847 639 3893 lt
658 3843 708 3893 fuit
728 3843 757 3903 0,
782 3845 817 3893 sit
833 3844 897 3893 lost.
922 3843 933 3906 ll
959 3845 990 3892 49
1009 3839 1039 3908 (l
1058 3842 1169 3903 eooemplt

85 3917 176 3978 qrotto
192 3918 308 3966 additum
326 3920 364 3966 444
383 3915 394 3978 ΙΙ
414 3919 444 3966 48
463 3915 559 3978 ruptae
581 3913 718 3974 Goosoluo,
739 3916 839 3977 nuptae
860 3911 879 3964 G
897 3912 908 3976 ΙΙ
927 3914 958 3961 49
977 3911 1059 3962 modo
1082 3911 1109 3971 G,
1135 3923 1167 3958 4ο

86 3983 169 4032 modo
182 3985 329 4034 Loolunooo
346 3983 357 4046 11
376 3987 407 4033 93
427 3985 509 4034 uerbo
525 3981 569 4033 uel
589 3995 622 4032 ex
634 3983 722 4045 primo
735 4007 770 4018 -
782 3983 946 4032 testamento
965 3995 999 4032 ooo
1015 3979 1082 4042 salso
1098 3979 1167 4042 olos-

86 4056 183 4102 semoto
199 4059 261 4104 outo
280 4066 335 4103 4444
353 4058 437 4103 conset
455 4053 574 4116 Kroeuor
591 4051 602 4114 11
623 4053 746 4110 98-49,
762 4053 777 4098 9
796 4050 863 4112 coos.
885 4050 928 4101 0⁸⁸
945 4050 956 4113 11
976 4053 1006 4098 94
1026 4049 1168 4112 quiquam

87 4121 156 4238 puta
174 4122 217 4180 {sto
234 4124 340 4240 ogoioott
358 4122 462 4185 Fttttop)
481 4123 509 4170 444
530 4120 549 4170 G
567 4122 683 4171 4444444444
705 4119 864 4180 probabilius
882 4123 919 4170 444
942 4119 953 4181 ΙΙ
978 4121 1009 4167 98
1029 4113 1164 4180 legitimis]

99 4189 222 4251 egitimus
263 4229 268 4240 .
