2966 4758
506 397 592 410 ..-.
636 363 695 426 181
740 397 828 411 ....
1014 365 1050 416 444
1068 362 1211 444 044-444

39 565 41 572 ’
125 561 232 614 autem
262 552 422 632 appellata
445 560 493 614 est
514 570 572 614 rao
595 570 706 614 amana
728 571 803 614 mrrs
825 571 1017 616 manlcmamr
1039 554 1208 634 stipulatio,

127 637 203 720 quia
225 639 258 700 in
281 639 384 700 locum
405 636 574 718 praedium
589 639 752 718 suecessit,
778 639 835 718 qui
850 638 935 718 oiim,
962 659 1034 700 cum
1050 640 1121 722 lege
1136 659 1214 722 age-

125 725 237 804 batur,
263 743 321 805 pro
343 724 398 786 lite
422 733 454 787 et
475 722 641 804 uindiciis,
668 723 702 785 id
724 733 773 787 est
794 745 851 806 pro
874 744 909 787 re
932 733 964 786 et
985 724 1160 806 fructibus,
1194 747 1214 789 a

7 857 9 878 .
63 813 102 874 95
125 829 305 891 possessore
327 809 454 891 petitori
470 809 650 874 dabantur.
687 809 836 874 Ceterum
851 813 879 873 si
894 809 981 892 apud
996 812 1214 874 centumuiros

126 898 242 978 agitur,
269 915 424 959 summam
447 895 627 978 sponsionis
645 915 708 958 non
723 915 783 978 por
798 897 965 960 formulam
979 897 1129 977 petimus,
1155 897 1214 962 scd
1232 913 1247 957 5

127 1001 185 1063 per
215 984 294 1063 legis
324 981 495 1058 actionem;
532 991 727 1046 sacramento
755 984 842 1046 enim
871 1002 959 1046 reum
988 1002 1208 1064 prouocantem

7 1111 9 1162 p
127 1087 230 1149 eaque
252 1069 381 1150 sponsio
403 1069 584 1132 sestertium
598 1070 677 1132 ff
693 1087 860 1132 nummum
875 1069 911 1132 fit
923 1058 1039 1133 44444444
1054 1066 1067 1153 ΙΙ
1082 1079 1317 1151 propterpgaae

64 1157 103 1218 94
126 1154 228 1235 legem
251 1154 461 1236 Crepereiam.
507 1156 578 1236 Ipse
609 1164 714 1218 autem
745 1154 801 1235 qui
831 1156 864 1218 in
895 1174 962 1218 rem
985 1157 1066 1236 agit,
1100 1156 1129 1218 si
1156 1175 1213 1219 suo

6 1213 9 1328 Ι
64 1241 105 1303 97
126 1242 254 1303 nomine
271 1249 351 1322 agat,
378 1240 454 1303 satis
476 1259 540 1303 non
563 1239 627 1304 dat.
666 1239 712 1302 Aa
734 1260 793 1303 nec
811 1242 839 1304 si
854 1261 915 1322 per
929 1243 1124 1322 cognitorem
1140 1241 1215 1323 qui-

6 1329 9 1408 0
127 1326 199 1388 dem
227 1336 356 1408 agatur,
388 1327 454 1390 4444
476 1326 639 1390 satisdatio
660 1327 714 1390 uel
737 1327 777 1390 ab
800 1328 868 1409 ipso
890 1328 943 1390 uel
965 1346 984 1390 a
1007 1326 1133 1390 domino
1155 1328 1214 1390 de·
1234 1342 1264 1387 44

6 1409 7 1424 ’
127 1411 297 1476 sideratur.
334 1432 407 1475 cum
422 1413 508 1476 enim
531 1413 626 1477 certis
648 1421 681 1476 et
703 1412 795 1493 quasi
818 1413 1025 1476 sollemnibus
1046 1414 1158 1477 uerbis
1181 1415 1215 1474 in

6 1473 10 1578 Ι
126 1500 231 1562 locum
254 1497 374 1562 domini
397 1498 610 1562 substituatur
631 1501 781 1580 cognitor,
808 1499 921 1562 merito
941 1499 1061 1563 domini
1076 1500 1142 1563 loco
1158 1501 1216 1562 ba-

6 1621 9 1684 ,
63 1588 103 1648 98
127 1584 234 1648 betur.
280 1587 465 1648 Procurator
492 1605 569 1648 uero
600 1586 627 1648 si
655 1594 741 1666 agat,
773 1585 928 1650 satisdare
958 1585 1090 1649 iubetur
1112 1595 1215 1648 ratam

6 1751 10 1876 p
127 1691 196 1733 rem
219 1671 384 1734 dominum
405 1671 607 1747 habiturum;
633 1672 814 1752 periculum
836 1673 922 1734 enim
945 1681 1008 1752 est,
1034 1691 1075 1734 ne
1098 1671 1216 1734 iterum

127 1756 275 1820 dominus
301 1756 342 1820 de
370 1756 482 1820 eadem
510 1777 546 1820 re
576 1758 770 1838 experiatur.
811 1757 897 1838 quod
918 1759 1099 1840 periculum
1122 1754 1214 1842 (aaa)
1236 1772 1268 1818 ⁴5

126 1843 311 1924 interuenit,
338 1845 366 1906 si
387 1863 447 1925 per
468 1844 663 1925 cognitorem
685 1852 792 1906 actum
813 1843 921 1924 fuerit,
947 1843 1023 1924 quia
1046 1843 1086 1908 de
1102 1862 1165 1925 qua
1180 1861 1216 1906 re

127 1930 267 2010 quisque
296 1949 356 2010 per
377 1932 569 2011 cognitorem
593 1928 710 2011 egerit,
743 1929 785 1992 de
809 1949 846 1993 ea
867 1950 932 1993 non
954 1931 1055 2011 magis
1077 1931 1216 2011 amplius

66 2019 104 2078 99
128 2015 283 2079 actionem
304 2015 400 2079 babet
423 2034 519 2096 quam
541 2017 570 2078 si
592 2014 662 2096 ipse
686 2017 799 2098 egerit.
846 2018 978 2079 Tutores
1001 2025 1033 2080 et
1055 2024 1216 2081 curatores

68 2135 70 2142 ,
128 2120 165 2164 eo
187 2101 279 2164 modo
302 2121 365 2183 quo
387 2110 420 2164 et
441 2109 662 2183 procuratores
684 2101 838 2164 satisdare
862 2101 977 2166 debere
999 2102 1101 2166 uerba
1119 2101 1216 2165 edicti

47 2189 103 2251 400
128 2187 262 2266 iaciunt3
290 2187 347 2250 sed
369 2187 540 2268 aliquando
563 2188 627 2250 illis
648 2187 810 2250 satisdatio
832 2188 1017 2252 remittitur.
1058 2190 1142 2252 Haeo
1157 2190 1211 2266 ita,
1234 2201 1264 2247 44

5 2303 9 2464 p
128 2275 156 2336 si
179 2275 213 2336 in
235 2294 303 2338 rem
325 2283 451 2356 agatur3
478 2275 506 2338 si
528 2293 605 2338 uero
628 2275 662 2336 in
684 2293 863 2354 personam,
889 2274 930 2338 ab
953 2276 1068 2338 actoris
1085 2273 1216 2355 quidem

128 2369 217 2441 parte
241 2360 368 2442 quando
390 2360 536 2423 satisdari
552 2359 663 2422 debeat
677 2369 880 2440 quaerentes,
907 2359 1019 2426 eadem
1034 2373 1215 2441 repetemus

5 2483 7 2526 p
48 2448 99 2509 404
129 2465 211 2528 quae
235 2447 374 2510 diximus
397 2447 430 2507 in
453 2445 576 2509 actione
600 2465 665 2526 qua
687 2447 721 2508 in
742 2465 811 2508 rem
826 2446 942 2528 agitur.
981 2445 1031 2509 Ab
1054 2447 1123 2509 eius
1138 2465 1215 2510 uero

5 2537 7 2616 0
128 2541 219 2613 parte
243 2552 316 2596 oum
331 2551 395 2613 quo
410 2533 525 2613 agitur,
550 2531 710 2614 siquidem
725 2532 827 2594 alieno
843 2534 968 2594 nomine
983 2531 1099 2612 aliquis
1114 2533 1216 2596 inter-

5 2623 6 2646 *
128 2619 363 2698 ueniat‚.omni
386 2617 477 2682 modo
501 2618 649 2682 satisdari
672 2617 783 2698 debet,
811 2617 888 2699 quia
909 2637 1002 2680 nemo
1024 2618 1146 2680 alienae
1169 2618 1215 2679 rei
1233 2631 1267 2677 49

128 2707 196 2767 sine
212 2705 417 2770 satisdatione
433 2703 582 2768 defensor
596 2704 732 2767 idoneus
745 2705 953 2786 intellegitur.
978 2703 1036 2768 sed
1051 2702 1212 2785 siquidem

128 2809 201 2853 cum
223 2793 383 2872 cognitore
406 2800 535 2873 agatur,
560 2790 708 2854 dominus
730 2789 883 2854 satisdare
906 2789 1052 2868 iubetur3
1086 2791 1114 2853 si
1136 2809 1214 2852 uero

5 2943 6 2946 ,
128 2896 201 2939 cum
229 2886 447 2958 procuratore,
480 2877 550 2958 ipse
578 2886 774 2958 procurator.
821 2876 906 2940 idem
936 2887 969 2940 et
991 2875 1031 2939 de
1053 2885 1158 2938 tutore
1182 2884 1215 2937 et

5 2989 6 3018 4
48 2962 168 3028 made
207 2971 351 3026 curatore
390 2965 471 3027 iuris
503 2971 563 3025 est.
621 2962 740 3036 Quodsi
773 2963 902 3044 proprio
936 2964 1063 3025 nomine
1096 2961 1214 3042 aliquis

5 3109 7 3204 i
197 3134 256 3200 099
274 3133 330 3186 iere
348 3155 380 3177 =
399 3136 464 3186 inst.
479 3111 506 3197 4,
520 3139 548 3184 44
564 3148 607 3200 pr.
626 3135 637 3200 0
655 3133 713 3200 099
732 3148 820 3200 usque
837 3135 873 3185 ad
887 3138 918 3184 444
937 3137 1091 3198 reperietur
1108 3133 1163 3185 iere
1180 3152 1213 3176 ==

129 3205 194 3256 lust.
215 3206 239 3267 4,
256 3207 283 3253 44
299 3218 339 3269 pr.
363 3205 374 3266 0
399 3203 458 3268 099
478 3204 594 3254 =1nst
614 3207 638 3266 4,
654 3208 681 3254 44
698 3218 740 3269 pr.
763 3203 775 3267 0
797 3202 872 3268 0400
892 3203 964 3255 coni.
984 3206 1049 3256 lust.
1070 3204 1094 3266 4,
1111 3205 1178 3266 44,4

5 3259 7 3364 i
129 3273 252 3337 44444444]
274 3271 332 3337 099
351 3272 362 3336 u
386 3271 459 3336 0404
485 3285 571 3337 nsque
593 3273 628 3324 ad
647 3276 679 3322 99
702 3275 861 3338 4944444ρί444
882 3272 954 3324 coni.
979 3274 1044 3326 inst.
1067 3274 1092 3334 4,
1112 3275 1153 3334 44,
1173 3275 1183 3319 4

5 3375 6 3438 p
130 3341 205 3406 0409
222 3341 364 3407 usquead
385 3345 442 3402 499,
457 3345 466 3390 4
486 3354 628 3403 perronem
645 3361 677 3388 π·-
696 3343 762 3394 lust.
778 3345 802 3402 4,
818 3345 859 3402 44,
876 3345 899 3394 4.

199 3498 212 3544 4
231 3508 389 3562 possessore
409 3495 549 3556 04444444,
572 3495 739 3561 possessoris
760 3483 979 3557 0041000004οΡ
999 3485 1142 3556 00044444,
1163 3494 1214 3544 444-

128 3563 230 3615 bantur
245 3565 362 3630 praedes
382 3563 417 3614 0¹¹
435 3564 661 3628 (acroamate)
680 3565 691 3627 0
710 3568 724 3612 9
743 3575 820 3613 reum
839 3556 955 3616 flauam,
976 3551 1065 3621 001009
1086 3560 1131 3624 041
1148 3577 1215 3628 pro-

128 3646 261 3685 nocemus
280 3635 396 3696 Btutme,
422 3636 576 3699 prouocatu
592 3634 636 3683 444
651 3634 801 3697 prouocato
823 3632 858 3684 00
876 3629 939 3676 40000
958 3624 1104 3683 6000044444
1121 3632 1135 3695 ii
1151 3636 1164 3681 4
1185 3631 1215 3682 m

130 3703 235 3754 seilicet
252 3703 416 3763 Lachmann,
441 3701 501 3754 fleri
525 3702 595 3754 solet
616 3703 689 3752 444444
712 3704 740 3751 ia
761 3700 782 3752 0
802 3714 856 3751 ooo
878 3696 948 3745 00044
969 3698 1044 3750 44004
1066 3704 1215 3752 reiectanea

128 3773 187 3822 4444
205 3777 252 3831 444,
272 3770 302 3821 fit
319 3772 405 3822 444449
425 3771 445 3824 0
462 3776 525 3823 44444
543 3772 670 3830 1444444444,
691 3770 759 3834 oens.
782 3770 815 3822 00
831 3770 842 3834 0
861 3773 875 3819 8
895 3763 1066 3831 Crepereiam
1085 3770 1211 3829 Huschke,

130 3841 302 3906 creperiamt
323 3838 368 3906 00
386 3843 417 3889 40
436 3840 493 3891 ulla
512 3840 649 3902 04444444,
671 3839 763 3890 nulla?
784 3838 833 3902 014
852 3841 882 3888 49
901 3835 989 3885 ratam
1008 3837 1084 3900 4444,
1103 3841 1214 3889 ratum?

130 3908 175 3969 00,
195 3910 263 3972 eoas.
287 3909 320 3961 0ι
333 3922 397 3973 pop.
409 3913 461 3961 904
472 3909 521 3972 ios.
540 3909 552 3972 ΙΙ
572 3912 602 3958 444
621 3921 677 3959 non
694 3910 794 3959 49944444
814 3907 952 3965 04444444,
972 3917 1022 3959 eto.
1045 3907 1073 3968 0,
1093 3908 1161 3970 cont.
1182 3907 1215 3958 0·

126 3989 187 4042 poa.
202 3983 252 4033 994
266 3978 314 4041 inf.
333 3978 345 4042 ΙΙ
361 3979 443 4028 aerbo
459 3979 520 4028 inde
537 3979 569 4028 44
589 3981 619 4027 49
643 3979 736 4028 actum
757 3991 840 4040 444444
863 3977 898 4027 od
916 3977 947 4023 44
971 3987 1022 4040 per
1045 3978 1214 4041 cognitorem

126 4059 175 4108 per
193 4041 310 4098 44444444
333 4049 371 4098 044
392 4049 420 4097 io
441 4047 476 4098 00
498 4049 596 4109 rateto
618 4047 808 4110 santiliaco
829 4045 856 4106 0,
883 4042 979 4095 eodem
998 4045 1061 4096 4444.
1080 4045 1141 4108 1194
1160 4044 1214 4094 44444

131 4115 160 4175 0,
184 4116 228 4168 his
245 4115 389 4180 agentibus
407 4115 471 4167 4444.
493 4115 504 4178 u
527 4119 554 4165 94
583 4117 606 4166 si
630 4128 696 4173 aero
717 4115 746 4177 0,
771 4117 814 4165 sin
836 4127 903 4166 uero
927 4112 989 4167 4444.
1015 4113 1026 4177 0
1050 4115 1081 4163 94
1103 4115 1215 4165 nomine

129 4184 203 4248 4449,
222 4198 323 4236 nomen
344 4184 370 4248 0,
389 4185 455 4249 cons.
476 4183 508 4236 0Ι
522 4197 585 4250 pop.
598 4189 650 4240 999
667 4198 737 4236 aare.
749 4189 792 4239 99.
