2908 4764
306 352 340 400 ru
360 348 499 415 §erues
689 383 774 394 --
820 350 880 411 116
924 384 1008 396 ..-

307 538 377 602 beri
401 539 458 618 qui
480 537 666 600 nominatim
690 538 872 601 exheredati
895 557 959 599 non
982 536 1060 616 sint,
1091 537 1313 618 praeferantur
1336 557 1390 600 ex·
1441 583 1442 586 ¹

244 625 282 684 66
306 625 427 686 traneis
449 624 633 687 heredibus.
674 626 784 706 ltaque
807 625 1025 705 emancipatus
1048 624 1134 686 filius
1155 626 1281 705 patroni
1296 643 1389 704 prae-

306 713 419 774 teritus
442 711 591 790 quamuis
614 719 721 774 eontra
743 709 870 774 tabulas
891 708 1073 772 testamenti
1095 711 1238 792 parentis
1261 711 1311 773 sui
1335 710 1390 772 bo-

306 816 420 858 norum
435 798 666 877 possessionem
682 816 745 858 non
761 797 899 878 petierit,
926 805 1029 858 tamea
1044 797 1203 858 extraneis
1219 795 1388 858 heredibus

243 883 282 942 66
307 885 339 943 in
362 883 455 946 bonis
470 884 652 946 Latinorum
675 885 779 963 potior
801 882 948 946 habetur.
987 883 1065 944 Item
1082 882 1146 944 filia
1161 882 1326 964 ceterique
1342 883 1415 944 suis

308 967 442 1032 heredes
465 968 539 1032 lieet
561 969 630 1032 iure
654 969 742 1030 ciuili
765 969 849 1030 inter
870 977 991 1030 eeteros
1014 967 1200 1030 exheredati
1222 970 1288 1030 sint
1303 979 1336 1030 et
1350 968 1386 1030 ab

307 1057 392 1118 omni
415 1054 590 1117 hereditate
613 1055 714 1135 patris
736 1055 786 1116 sui
810 1049 1085 1133 summoueantur,
1112 1063 1219 1116 tamen
1242 1054 1276 1116 in
1298 1055 1387 1116 bonis

306 1144 504 1220 Latinorum,
538 1141 601 1202 nisi
629 1141 815 1202 nominatim
845 1160 863 1202 a
890 1150 1023 1221 parente
1051 1140 1172 1203 fuerint
1195 1141 1383 1218 exheredati,

243 1227 282 1288 67
305 1230 443 1308 potiores
466 1236 561 1290 erunt
583 1228 744 1288 extraneis
765 1226 951 1289 heredibus.
992 1227 1069 1288 Item
1086 1226 1127 1289 ad
1142 1226 1262 1288 liberos
1278 1229 1333 1308 qui
1349 1225 1385 1288 ab

305 1313 482 1376 hereditate
505 1313 649 1394 parentis
670 1331 704 1374 se
721 1312 956 1391 abstinuerunt,
983 1313 1078 1375 nihilo
1093 1314 1198 1374 minus
1214 1312 1293 1375 bona
1308 1313 1386 1374 Lati·
1401 1323 1424 1368 66

306 1419 417 1462 norum
440 1398 617 1480 pertinent;
643 1417 716 1460 aum
738 1399 771 1461 hi
788 1417 903 1482 quoque
918 1397 1100 1462 exheredati
1116 1399 1204 1460 nullo
1220 1399 1312 1462 modo
1327 1397 1385 1460 diei

305 1494 450 1566 possunt,
476 1504 539 1548 non
562 1484 662 1565 magis
686 1504 782 1566 quarn
806 1485 861 1565 qui
880 1494 1068 1548 testamento
1084 1485 1211 1546 silentio
1227 1483 1385 1566 praeteriti
1440 1529 1442 1542 ,

242 1573 281 1632 68
305 1581 389 1634 sunt.
423 1573 471 1634 Ex
485 1571 534 1634 bis
548 1569 697 1634 omnibus
712 1573 790 1634 satis
806 1571 887 1634 illud
902 1580 1044 1652 apparet,
1064 1572 1091 1634 si
1106 1572 1134 1633 is
1150 1572 1206 1652 qui
1222 1572 1359 1634 Latinum
1382 1652 1384 1659 Ι
1441 1605 1442 1640 1

305 1659 432 1734 iecerit,

304 1849 526 1907 -—-sse;
552 1830 637 1891 hune
660 1831 744 1892 enim
767 1829 869 1892 solum

668 1917 700 1978 in
715 1915 809 1976 bonis
825 1915 1006 1978 Latinorum

1253 2003 1383 2062 (tuerere
1441 1989 1442 2044 6

1440 2073 1442 2168 6

943 2151 1139 2240 iquueritur,
1158 2175 1199 2218 an
1216 2155 1383 2218 exheredes
1440 2169 1442 2242 t

304 2124 331 2171 ta
352 2120 372 2171 C
389 2121 439 2184 leui
455 2122 593 2183 meent)

1252 2279 1279 2338 (5
1296 2289 1382 2326 ueram
1397 2300 1442 2347 ,0,

303 2397 850 2514 Q-l
872 2308 905 2492 edt
919 2429 1382 2493 libe---...-....-.-

785 2512 898 2772 —‘l—-
924 2611 1044 2666 constat

716 2726 808 2734 -—
1127 2689 1242 2752 —bona
1264 2691 1380 2754 Latino-

812 2773 991 2944 il———-—
1006 2784 1053 2836 est
1075 2783 1112 2836 ut
1394 2781 1440 2836 2⁵.

830 2943 833 3029 4
1065 3032 1105 3096 ab
1126 3033 1218 3095 alteri
1233 3069 1378 3078 ---

886 3121 964 3182 Item
986 3119 1068 3182 illud
1091 3139 1220 3200 quoque
1244 3129 1378 3182 constare

302 3203 445 3283 uidetur,
472 3205 499 3265 si
522 3204 604 3266 solos
627 3204 744 3266 liberos
767 3224 807 3266 ex
830 3203 834 3289 i
862 3205 1045 3287 disparibus
1067 3205 1215 3286 partibus
1236 3217 1378 3288 patronus
1394 3211 1439 3260 ³⁰;

714 3287 806 3460 thand,
840 3376 881 3440 ad
910 3397 964 3440 eos
986 3379 1165 3458 pertinere,
1198 3379 1275 3458 quia
1296 3375 1418 3445 nullone.

303 3463 539 3526 interueniente
572 3472 722 3525 extraneo
752 3462 869 3526 herede
898 3464 1175 3528 senatusconsulto
1205 3465 1293 3527 loeus
1320 3479 1376 3526 non

372 3688 385 3734 t
404 3687 525 3751 parentis
546 3686 685 3748 Geescbea,
704 3687 811 3751 parenti
831 3685 878 3750 011
898 3689 911 3736 t
930 3690 1020 3738 tamen
1037 3687 1176 3750 Goercbea,
1198 3690 1255 3738 tam
1270 3685 1296 3746 C,
1315 3682 1373 3744 rens.

304 3752 335 3804 0²
352 3767 413 3818 paq.
427 3756 478 3807 277
495 3768 564 3804 uere.
582 3761 611 3805 tt
631 3761 656 3806 et
670 3769 733 3818 paq.
747 3758 799 3806 508
816 3769 885 3806 aare.
903 3755 946 3819 611
964 3760 978 3806 t
996 3758 1086 3820 potior
1105 3755 1244 3818 Goerchea,
1265 3753 1376 3821 potiquia

304 3821 347 3885 0¹¹,
368 3823 435 3886 conf.
452 3821 481 3874 θ
491 3836 553 3886 aaa.
567 3825 619 3877 295
630 3837 700 3874 uere.
716 3830 749 3875 rt
766 3823 777 3887 11
797 3829 811 3875 8
831 3824 986 3876 exheredati
1001 3825 1137 3887 Goerebea,
1153 3825 1326 3876 exhereditati
1340 3819 1358 3870 G

304 3896 334 3941 re
359 3891 445 3942 nihilo
468 3892 560 3942 minus
583 3893 743 3943 haebraeam·
768 3895 973 3956 supplementum
995 3897 1123 3944 incertum
1146 3899 1201 3953 eat,
1227 3893 1293 3957 rens.
1319 3889 1348 3942 0¹

303 3966 329 4012 tt
353 3974 417 4011 nam
435 3960 462 4010 hi
481 3960 599 4026 quoque]
619 3961 746 4026 ahtateir?
766 3960 864 4012 Cteste
875 3963 1008 4022 ¹hluthario,
1029 3963 1096 4025 cons.
1114 3961 1145 4012 0⁸
1162 3960 1171 4028 tt
1189 3965 1291 4010 30-32
1309 3962 1375 4009 beu·

301 4043 363 4081 nam
377 4035 437 4094 post
454 4031 585 4095 patrenus
603 4043 625 4080 e.
640 4044 665 4094 9.
684 4031 730 4080 bor
746 4032 821 4080 modo
839 4032 944 4093 explere
965 4035 1065 4093 possis:
1088 4030 1203 4082 heredes
1228 4027 1373 4084 instituerit,

300 4115 334 4152 ex
352 4099 439 4150 isdem
458 4095 583 4164 partibus
606 4097 678 4150 bona
696 4099 794 4164 Latini,
821 4100 843 4150 si
865 4101 935 4165 patri
958 4100 1071 4152 heredes
1095 4097 1243 4167 exiebant,
1266 4098 1306 4152 ad
1326 4105 1375 4147 eoa

300 4169 459 4231 pertinere
477 4169 529 4219 etc.
