2908 4764
285 347 319 396 ιιι
339 344 465 412 ιιι-ιι
666 381 752 392 ....
799 349 858 412 113
905 381 986 392 ...-

285 535 343 596 boc
365 543 488 596 tantum
511 534 608 598 habet
629 535 811 598 testamenti
834 534 1009 615 factionem,
1035 548 1072 598 ut
1093 547 1263 618 patronum
1279 541 1376 602 here-

286 620 358 682 dem
382 621 528 682 instituat
550 623 660 702 eique,
687 622 714 682 si
738 621 830 683 heras
854 641 924 684 csse
947 623 1102 702 noluerit,
1130 624 1229 687 alium
1253 626 1375 688 substi-

221 707 259 767 73
284 716 375 769 tuere
398 708 509 787 possit.
549 709 589 768 Et
611 709 688 787 quia
707 708 766 769 hac
781 709 1004 771 constitutione
1021 709 1194 772 uidebatur
1211 713 1369 792 effectum,

284 802 383 854 utne
406 812 560 874 umquam
583 794 636 855 isti
658 795 801 856 homines
823 802 985 875 tamquam
1008 797 1097 858 ciues
1113 797 1244 858 Romani
1268 819 1374 860 morc-

285 888 407 960 rentur,
434 881 583 960 quamuis
607 899 643 942 eo
666 881 735 942 iure
758 889 867 961 postea
885 882 936 944 usi
952 892 1069 962 essent,
1097 902 1159 962 quo
1176 884 1231 945 uel
1246 885 1372 966 exlege
1392 897 1408 942 s

285 962 373 1027 Aetio
397 966 505 1028 Sentia
533 967 587 1029 uel
617 985 658 1028 ex
687 968 962 1030 senatusconsulto
985 972 1073 1032 ciues
1095 970 1229 1030 Romani
1252 979 1369 1050 essent,

286 1051 383 1114 diuus
406 1051 584 1114 Hadrianus
616 1052 786 1132 iniquitate
810 1051 857 1114 rei
880 1063 984 1116 motus
1008 1063 1117 1116 auctor
1140 1055 1201 1119 fuit
1225 1065 1376 1119 senatus-

286 1137 423 1200 consulti
443 1137 599 1218 faciendi,
634 1147 670 1200 ut
700 1139 756 1218 qui
785 1137 950 1218 ignorante
972 1141 1027 1202 uel
1049 1151 1218 1205 recusante
1241 1152 1374 1223 patrono
1447 1173 1448 1176 ¹

287 1225 326 1286 ab
355 1225 544 1305 imperatore
575 1225 626 1286 ius
650 1225 821 1297 Quiritium
852 1227 1013 1288 consecuti
1037 1237 1157 1306 essent,
1192 1230 1219 1290 si
1243 1248 1279 1290 eo
1303 1230 1373 1290 iure

285 1319 396 1391 postea
418 1309 469 1372 usi
493 1319 609 1390 essent,
637 1329 699 1390 quo
723 1330 764 1373 ex
786 1311 856 1392 lege
871 1310 959 1374 Aelia
977 1312 1082 1375 Sentio
1099 1313 1153 1375 uel
1169 1333 1209 1375 ex
1225 1324 1374 1377 senatus·
1393 1325 1422 1368 ⁴⁰

287 1395 446 1475 consulto,
474 1397 501 1457 si
524 1397 626 1458 Latini
648 1399 854 1476 mansissent,
882 1396 1045 1460 ciuitatem
1067 1401 1239 1462 Romanam
1263 1403 1374 1464 conse-

288 1491 476 1563 querentur,
502 1482 636 1563 proinde
661 1483 724 1563 ipsi
747 1483 945 1546 haberentur
967 1503 1002 1546 ac
1025 1485 1052 1546 si
1075 1484 1144 1568 lege
1160 1484 1249 1548 Aelia
1265 1488 1375 1550 Sentia

287 1569 341 1630 uel
364 1569 639 1631 senatusconsulto
662 1569 703 1630 ad
726 1568 888 1632 ciuitatem
910 1571 1081 1632 Romanam
1103 1573 1339 1652 peruenissent.
1364 1570 1374 1656 ΙΙ

223 1653 266 1715 71.
372 1655 490 1716 Eorum
512 1665 618 1717 autem
642 1674 722 1736 quos
746 1657 799 1716 lex
820 1654 908 1718 Aelia
932 1657 1041 1718 Sentia
1064 1657 1289 1721 dediticiorum
1312 1663 1448 1730 nu-pgii

287 1759 372 1802 mero
395 1739 479 1820 facit,
506 1740 589 1803 hona
609 1741 701 1803 modo
718 1742 810 1821 quasi
826 1743 939 1804 ciuium
954 1745 1157 1805 Romanorum
1171 1745 1371 1823 libertorum,
1393 1755 1421 1800 ts

224 1826 262 1887 75
287 1825 379 1888 modo
403 1827 496 1907 quasi
511 1827 692 1889 Latinorum
716 1827 755 1890 ad
778 1836 927 1908 patronos
949 1829 1122 1909 pertinent.
1163 1831 1241 1892 Nam
1264 1851 1374 1892 eorum

286 1912 370 1974 bona
393 1913 467 1992 qui,
499 1915 527 1974 si
548 1914 580 1974 in
604 1913 711 1994 aliquo
735 1914 814 1975 uitio
837 1933 901 1976 non
925 1924 1046 1994 essent,
1074 1918 1262 1978 manumissi
1286 1917 1374 1979 ciues

287 1999 418 2059 Romani
447 1998 547 2060 futuri
575 2009 697 2078 essent,
734 2000 826 2080 quasi
854 2002 975 2062 ciuium
997 2003 1209 2064 Romanorum
1231 2002 1375 2083 patronis

288 2081 399 2146 cadem
423 2084 493 2164 lege
515 2084 715 2147 tribuuntur.
749 2095 940 2148 nontamen
963 2087 993 2147 1ιί
1017 2087 1136 2149 babent
1157 2089 1253 2150 etiam
1275 2098 1375 2151 tosta-

289 2170 388 2230 menti
411 2168 597 2249 factionem,
623 2191 697 2233 nam
720 2169 754 2232 id
777 2173 941 2253 plerisque
964 2173 1095 2253 placuit,
1122 2193 1182 2236 nec
1204 2175 1371 2237 inmerito:
1393 2185 1423 2229 2⁰

288 2274 362 2318 nam
385 2255 573 2319 incredibile
596 2257 768 2320 uidebatur
789 2259 948 2338 pessimae
972 2259 1167 2322 condicionis
1189 2261 1377 2322 hominibus

288 2341 431 2404 uoluisse
465 2343 545 2423 legis
573 2345 704 2406 latorem
734 2346 914 2405 testamenti
945 2344 1077 2406 faciendi
1108 2346 1159 2408 ius
1188 2346 1373 2408 concedere.

226 2426 265 2489 76
289 2430 407 2490 Eorum
429 2449 506 2492 uero
529 2430 612 2492 hona
635 2431 706 2512 qui,
735 2429 761 2492 si
784 2449 847 2492 non
870 2431 903 2492 in
927 2431 1034 2511 aliquo
1056 2433 1135 2493 uitio
1158 2443 1280 2511 essent,
1308 2452 1379 2494 ma-

289 2516 425 2577 numissi
449 2515 548 2579 futuri
572 2517 674 2578 Latini
698 2525 821 2594 essent,
851 2516 985 2596 proinde
1008 2518 1195 2580 tribuuntur
1216 2519 1373 2599 patronis,

290 2621 326 2664 ac
348 2603 374 2664 si
390 2603 494 2664 Latini
510 2602 737 2679 decessissent.
768 2621 827 2664 nec
849 2623 899 2665 me
922 2605 1078 2684 praeterit
1100 2624 1164 2666 non
1188 2605 1265 2667 satis
1289 2606 1321 2666 in
1339 2625 1375 2666 ea
1394 2613 1425 2659 26

290 2707 324 2750 re
347 2689 427 2768 legis
451 2689 583 2750 latorem
605 2690 802 2751 uoluntatem
827 2708 917 2750 suam
940 2689 1051 2752 uerbis
1074 2692 1281 2771 expressisse.

226 2772 266 2834 77
375 2773 544 2837 Videamus
571 2785 676 2837 autem
706 2785 737 2838 et
765 2773 803 2835 dc
825 2794 862 2838 ea
885 2776 1087 2838 successione
1111 2796 1195 2857 quoe
1218 2777 1312 2838 nobis
1335 2795 1377 2838 ex

226 2858 266 2920 78
291 2861 452 2940 emptione
475 2860 629 2922 bonorum
653 2860 802 2943 conpetit.
841 2863 926 2923 Boua
949 2871 1054 2923 autem
1077 2872 1223 2924 ueneunt
1245 2872 1302 2925 aut
1323 2863 1379 2925 ui-

289 2965 404 3006 uorum
427 2955 481 3007 aut
503 2956 716 3008 mortuorum:
742 2945 892 3009 uiuorum
916 2948 1019 3010 ueluti
1041 2967 1148 3013 eorum
1173 2950 1229 3029 qui
1245 2949 1378 3012 frauda-

289 3030 386 3092 tionis
409 3050 502 3093 causa
525 3033 650 3094 latitant
672 3052 732 3094 nec
747 3031 895 3094 absentes
911 3032 1145 3111 defenduntur3
1172 3035 1249 3096 item
1265 3055 1377 3098 eorum
1395 3045 1424 3090 66

290 3117 346 3196 qui
370 3135 410 3178 ex
432 3117 500 3197 lege
516 3118 596 3179 Iulia
619 3117 706 3180 bonis
730 3117 863 3196 cedunt;
890 3119 965 3180 item
981 3120 1191 3183 iudicatorum
1208 3131 1279 3201 post
1296 3132 1379 3183 tcm-

288 3221 350 3282 pus
373 3201 459 3284 quod
482 3207 528 3265 eis
550 3205 664 3284 partim
687 3205 757 3286 lege
772 3205 819 3267 ιῑιῑ
834 3205 1013 3268 tabularum
1029 3209 1144 3287 partim
1160 3206 1264 3268 edicto
1280 3227 1379 3288 prae-

289 3290 366 3350 toris
388 3288 429 3351 ad
445 3289 676 3370 expediendam
691 3293 858 3372 pecuniam
874 3292 1038 3354 tribuitur.
1078 3301 1274 3356 mortuorum
1293 3294 1380 3358 bona

290 3415 456 3432 ΜᾺΝἉΛΑ

359 3480 369 3524 i
392 3478 431 3543 ut]
447 3481 494 3528 aut
509 3478 528 3528 C
545 3478 555 3541 ΙΙ
574 3483 588 3528 2
608 3480 686 3543 eique
703 3480 840 3539 Gocscbeo,
861 3481 935 3544 eiqui
950 3479 976 3541 0,
992 3480 1060 3543 coos.
1077 3479 1108 3530 ca
1122 3493 1185 3545 pop.
1200 3487 1250 3536 266
1268 3481 1279 3545 ΙΙ
1299 3485 1314 3531 5
1333 3483 1379 3532 usi

293 3545 430 3610 (incarneo,
451 3549 504 3598 utsi
520 3547 539 3598 C
554 3548 564 3611 ΙΙ
584 3552 598 3598 6
617 3549 691 3598 Aelia
709 3550 799 3599 Sentia
816 3549 953 3610 Gocsciteo,
973 3548 1023 3600 'is
1044 3548 1070 3609 C,
1090 3549 1157 3612 coos.
1180 3549 1211 3600 Ca
1226 3564 1288 3614 paq.
1304 3548 1382 3616 26711

291 3617 304 3662 8
323 3613 444 3666 faciundi
460 3617 598 3680 Goescbcn,
618 3617 747 3682 pociundi
762 3617 782 3668 C
797 3617 807 3680 ΙΙ
826 3621 853 3666 tt
877 3617 1042 3668 mansissent
1056 3619 1194 3680 Goesciteo,
1215 3621 1378 3670 manumissi

290 3686 381 3733 essent
401 3684 421 3734 C
440 3685 516 3750 (coos.
539 3685 570 3736 0³
585 3700 646 3751 pop.
660 3688 720 3744 2791
740 3687 751 3750 11
773 3691 804 3736 15
824 3687 926 3737 ciuium
939 3688 1123 3738 Romanorum
1140 3687 1279 3747 socraten,
1300 3689 1331 3739 s'c
1346 3688 1376 3750 C,

290 3752 357 3814 conf.
381 3751 412 3802 0²
426 3767 489 3818 pop.
504 3760 555 3809 262
573 3754 583 3816 ΙΙ
602 3756 761 3806 libertorum
782 3755 921 3818 Goescbco,
941 3755 1105 3806 libustorum
1127 3755 1153 3816 0,
1174 3757 1241 3818 conf.
1265 3756 1298 3807 0⁸
1312 3770 1381 3821 pop.

289 3825 340 3874 266
359 3826 383 3871 ct
397 3835 461 3886 pop.
475 3824 527 3877 276
543 3823 554 3886 ΙΙ
573 3827 603 3872 17
624 3826 647 3876 si
665 3827 693 3874 in
709 3825 848 3884 Gocscbco,
868 3826 910 3875 sia
926 3823 946 3874 C
961 3823 972 3886 ΙΙ
992 3829 1022 3876 18
1043 3824 1126 3875 iuturi
1142 3825 1280 3888 Goescieo,
1300 3824 1380 3876 iutu-

289 3893 327 3940 ris
344 3889 363 3940 C
380 3889 390 3952 ΙΙ
409 3895 440 3940 ts
459 3891 486 3941 hi
503 3892 641 3955 Goescieo,
657 3895 705 3944 ui‘?
720 3893 746 3954 θ,
761 3893 827 3955 coos.
845 3893 876 3942 0³
894 3893 906 3957 ΙΙ
925 3895 957 3942 21
970 3891 1053 3944 futuri
1066 3895 1142 3944 latini
1158 3893 1185 3955 C,
1202 3894 1279 3944 latini
1291 3893 1379 3945 futuri

291 3961 422 4010 Poteooor
430 3961 600 4022 probabiliter
616 3961 627 4024 ΙΙ
647 3966 677 4010 26
698 3962 784 4012 Latini
800 3962 938 4023 Goesciteo,
960 3962 1051 4014 latinis
1066 3962 1085 4012 C
1100 3963 1111 4027 11
1130 3966 1161 4012 26
1181 3963 1379 4026 legislatorem

293 4029 432 4090 Gocscbeo,
452 4029 667 4094 legisiegatorem
683 4031 725 4094 611
737 4032 904 4095 expressisse
920 4031 1058 4096 Gocscheo,
1078 4043 1204 4097 expresse
1219 4031 1253 4082 Cn
1265 4031 1277 4096 ΙΙ
1289 4036 1320 4082 27
1340 4032 1378 4084 de

291 4112 323 4148 ea
338 4099 476 4162 Gocscbco,
497 4098 548 4149 dea
563 4098 582 4149 C
598 4099 608 4162 ΙΙ
629 4103 659 4149 28
679 4100 815 4150 bonorum
830 4099 968 4162 Gocschcn,
989 4099 1122 4152 bonarum
1138 4099 1156 4150 C
1172 4101 1183 4164 ΙΙ
1202 4104 1234 4149 32
1254 4103 1293 4153 eis
1311 4115 1381 4166 par-

290 4169 338 4216 tim
362 4167 499 4233 Gocscbco,
520 4169 579 4219 eius
597 4170 668 4234 parti
690 4168 717 4220 C.

1446 709 1448 768 1

1446 769 1448 848 1

1446 879 1448 932 1

1446 939 1448 994 1

1446 1017 1448 1050 ι

1446 1545 1448 1584 1
