2966 4758
270 319 305 369 111
324 316 486 383 §rto-m
653 349 739 364 --
785 317 845 378 154
889 348 973 362 .-

182 509 244 572 220
348 505 475 568 lniuria
497 512 603 568 autom
625 503 833 567 committitur
854 521 918 564 non
941 503 1042 566 solum
1065 521 1138 566 oum
1154 503 1228 582 quis
1244 521 1357 584 pugno

269 599 347 672 puta
369 600 424 653 aut
446 591 530 653 iuste
553 609 726 672 peronssus
754 589 810 652 uel
841 589 937 652 etiarn
966 587 1156 652 uerberatos
1187 589 1262 668 erit,
1297 589 1357 651 sed

268 678 363 740 etiam
386 678 414 738 si
437 678 490 740 oui
512 675 694 739 oonuioium
716 675 834 738 laetum
857 674 968 753 luerit,
1002 675 1072 737 siue
1095 674 1168 755 quis
1190 673 1274 736 bona
1294 675 1358 736 ali-

268 763 361 826 ouius
384 763 477 844 quasi
500 761 654 825 debitoris
676 761 781 824 soiens
797 780 871 824 eum
886 761 966 822 nihil
981 760 1045 824 sibi
1060 759 1176 823 debere
1190 760 1358 841 proscrip-

268 849 355 929 serit,
383 848 453 912 siue
476 849 548 929 quis
570 847 612 910 ad
634 847 795 910 infamiam
818 846 956 910 alieuius
978 846 1124 910 libellum
1146 854 1202 908 aut
1225 859 1392 910 carmena
1473 877 1475 920 4

206 967 207 972 1
249 935 443 1016 scripserit,
470 936 541 997 siue
565 935 639 1016 quis
661 943 794 997 matrem
816 933 953 994 familias
975 942 1031 996 aut
1044 941 1281 1014 praetextatum
1297 931 1357 995 ad·
1474 925 1475 936 ’

181 1025 239 1087 224
268 1029 406 1084 sectatus
428 1022 536 1099 luerit,
563 1029 596 1082 et
617 1019 756 1100 denique
772 1019 843 1081 aliis
858 1019 1009 1100 pluribus
1024 1018 1138 1082 modis.
1173 1019 1239 1080 Pati
1256 1025 1356 1080 autom
1474 1087 1475 1100 ¹

268 1108 419 1170 iniuriam
440 1105 592 1169 uidemur
614 1125 678 1167 non
700 1106 805 1168 solum
827 1124 885 1186 per
905 1113 1031 1168 nosmet
1052 1106 1153 1185 ipsos,
1181 1103 1356 1167 sedetiam
1474 1101 1475 1118 ¹

267 1212 326 1275 per
347 1193 466 1256 liberos
487 1200 611 1256 nostros
634 1210 714 1272 quos
735 1192 769 1252 in
791 1199 947 1272 potestate
961 1189 1132 1264 habemus;
1159 1189 1173 1271 ΙΙ
1195 1191 1273 1252 item
1294 1125 1475 1271 perpptsoi

267 1298 378 1342 uxores
401 1288 535 1358 nostras,
560 1279 702 1361 ptoomms
725 1278 759 1340 in
780 1297 877 1339 manu
899 1286 1007 1338 nostra
1022 1273 1113 1360 (ooo)
1130 1277 1206 1338 sint.
1242 1277 1354 1357 itaque
1374 1288 1407 1333 ro
1474 1293 1475 1298 ¹

267 1367 295 1428 si
314 1365 407 1447 filiae
430 1384 519 1427 meae
542 1383 624 1444 quae
647 1364 728 1426 Titio
750 1372 852 1444 nupta
873 1371 932 1441 est,
958 1362 1108 1426 iniuriam
1130 1362 1264 1441 leceris,
1290 1381 1354 1424 non

268 1451 371 1514 solum
392 1451 477 1514 filiae
499 1451 626 1513 nomine
647 1459 752 1512 teoum
781 1451 833 1530 agi
864 1449 1054 1512 iniuriarum
1083 1457 1203 1530 potest,
1237 1467 1354 1510 uerum

82 1577 84 1584 ,
182 1540 246 1602 222
270 1539 365 1600 etiam
396 1556 465 1600 meo
500 1555 628 1618 quoque
658 1546 690 1597 et
718 1535 790 1598 Τίιιῑ
825 1537 961 1598 nomine.
1016 1537 1117 1598 Seruo
1151 1545 1257 1597 autem
1290 1535 1353 1615 ipsi

269 1623 397 1704 quidem
418 1623 508 1686 nulla
531 1623 647 1685 iniuria
670 1623 868 1702 intellegitur
882 1621 962 1701 fieri,
989 1620 1048 1684 sed
1062 1620 1189 1683 domino
1205 1639 1264 1701 per
1279 1639 1353 1682 eum

267 1711 337 1771 lieri
360 1709 505 1788 uidetur3
538 1727 602 1770 non
630 1716 738 1772 tamen
767 1707 868 1770 isdem
898 1705 1000 1769 modis
1028 1707 1147 1787 quihus
1177 1707 1273 1768 etiarn
1295 1726 1354 1788 per
1373 1718 1405 1763 44

267 1795 385 1858 liberos
407 1804 531 1858 nostros
553 1795 608 1857 uel
631 1813 748 1856 uxores
771 1795 920 1856 iniuriam
942 1793 1008 1874 pati
1034 1792 1194 1872 uidemur,
1227 1791 1285 1854 sed
1308 1793 1353 1855 ita

267 1901 340 1944 oum
363 1880 443 1961 quid
464 1881 602 1943 atrocius
625 1880 829 1942 oommissum
850 1879 963 1957 luerit,
989 1877 1076 1958 qnod
1098 1887 1205 1959 aperte
1226 1881 1261 1940 in
1280 1897 1354 1941 oon-

265 1968 430 2030 tumeliam
453 1965 574 2029 domini
596 1965 665 2027 fieri
688 1964 830 2044 uidetur,
855 1963 956 2027 ueluti
979 1966 1007 2026 si
1030 1964 1104 2044 quis
1123 1964 1267 2026 alienum
1282 1984 1352 2027 ser-

265 2071 344 2115 uum
366 2051 603 2128 uerberauerit3
635 2059 667 2113 et
689 2052 723 2112 in
745 2051 832 2114 huno
854 2070 964 2114 oasum
985 2049 1119 2113 formula
1147 2051 1349 2131 proponitur.
1474 2125 1475 2132 ἵ

265 2146 298 2201 44
320 2141 345 2200 si
376 2137 450 2218 quis
479 2157 572 2200 seruo
603 2138 783 2200 oonuioium
812 2137 923 2200 ieoerit
950 2137 1004 2198 uel
1033 2155 1142 2217 pugno
1172 2155 1245 2198 eum
1274 2156 1353 2218 per·
1371 2148 1404 2193 so

266 2225 412 2305 ousserit,
445 2243 509 2287 non
537 2223 728 2306 proponitur
749 2223 815 2286 ulla
836 2222 982 2302 formula,
1007 2241 1067 2284 neo
1087 2232 1207 2284 temere
1230 2225 1351 2303 petenti

265 2311 371 2374 datur.
918 2332 920 2337 ·

935 2441 1349 2459 ΜΝᾺΛΛΛΛΜΛΛΛΛΝΜΝᾺΛΝ

334 2506 408 2572 5224
428 2506 483 2559 4444
501 2527 533 2551 =
552 2509 617 2560 lnst.
632 2509 657 2570 t,
673 2510 698 2569 t,
714 2510 723 2555 4
746 2505 757 2569 Ι]
776 2505 846 2571 5224
870 2504 925 2556 iere
938 2525 970 2548 =
983 2505 1048 2556 Inst.
1064 2508 1088 2568 4,
1104 2508 1129 2567 4,
1145 2508 1159 2553 2
1177 2505 1188 2568 11
1206 2503 1284 2570 5222
1304 2519 1351 2556 us·

265 2592 318 2642 que
337 2577 372 2627 od
391 2579 418 2625 24
439 2578 599 2638 percusserit
616 2575 672 2626 ie're
690 2596 722 2619 =
742 2577 807 2626 lnst.
823 2577 847 2635 4,
863 2577 887 2638 4,
903 2577 928 2625 2.

1298 2685 1349 2700 AN*

335 2761 345 2804 4
369 2762 429 2808 4444
452 2756 530 2822 5224
555 2759 716 2808 intercidisse
740 2758 819 2816 44444,
844 2757 933 2818 quatio
956 2756 1077 2819 44944444
1099 2757 1127 2805 44
1147 2756 1210 2808 lost.
1232 2757 1256 2817 4,
1279 2757 1348 2820 tpr.

266 2825 343 2889 (conf.
360 2825 422 2876 0444.
436 2832 461 2886 2,
477 2833 502 2887 4,
518 2828 555 2888 i),
569 2830 692 2889 opinator
703 2826 821 2876 Huschke
837 2825 848 2888 ΙΙ
866 2825 1045 2876 committitur
1057 2825 1131 2884 lost,
1147 2825 1302 2875 committit·
1320 2825 1349 2887 0,

264 2895 332 2958 cont.
354 2893 386 2943 04
400 2908 464 2958 pao.
476 2899 529 2946 444
545 2896 556 2958 ΙΙ
575 2900 590 2944 2
608 2895 679 2946 iuste
697 2907 846 2960 percussus
861 2893 906 2954 0¹¹,
926 2892 1043 2944 fustibus
1062 2905 1158 2944 caesus
1171 2894 1233 2943 lost.
1253 2893 1265 2956 ΙΙ
1284 2907 1350 2944 444-

264 2962 376 3013 beratos
394 2964 469 3024 lost,
488 2964 627 3014 iuberatus
647 2963 674 3026 0,
695 2964 763 3026 conf.
785 2962 817 3012 04
831 2977 893 3026 pao.
905 2966 956 3014 444
974 2961 1119 3024 44444411
1137 2966 1151 3011 4
1171 2963 1252 3012 etiarn
1273 2963 1348 3024 lost,

264 3033 309 3082 eti
329 3030 356 3091 0,
377 3031 445 3094 conf.
467 3031 498 3082 0⁵
512 3046 575 3096 pao.
589 3035 641 3086 247
657 3045 728 3082 4444.
742 3037 774 3086 42
791 3031 803 3095 l
821 3031 893 3083 bona
918 3032 993 3092 lost,
1017 3043 1072 3080 uon
1094 3030 1113 3081 0
1130 3031 1141 3094 ΙΙ
1159 3033 1173 3080 4
1194 3044 1257 3080 eum
1283 3032 1350 3082 nihil

267 3100 312 3163 04,
340 3099 407 3149 nihil
426 3113 489 3149 oum
508 3102 570 3152 lost.
591 3101 602 3164 11
622 3100 674 3150 sibi
692 3100 792 3151 debere
810 3103 886 3162 lost,
912 3100 965 3151 sibi
983 3098 1083 3150 debore
1101 3100 1153 3150 sibi
1174 3098 1194 3150 0
1216 3099 1227 3163 ΙΙ
1251 3104 1266 3148 4
1291 3102 1351 3152 siue

267 3169 295 3229 0,
315 3169 360 3219 uel
379 3169 401 3218 si
420 3169 481 3218 lost.
500 3168 512 3232 11
532 3173 546 3218 4
565 3169 682 3220 familias
701 3171 774 3232 last,
794 3168 924 3220 familiam
945 3168 972 3228 0,
996 3168 1063 3231 conf.
1084 3169 1115 3220 04
1129 3182 1192 3232 poa.
1206 3169 1258 3222 247
1277 3183 1349 3220 osrs.

263 3241 307 3290 44.
320 3241 355 3288 44
373 3236 384 3300 l
403 3241 416 3286 4
436 3239 493 3301 pati
510 3240 601 3289 autern
617 3238 756 3300 Goosoleo,
777 3239 812 3288 44
828 3241 884 3302 pati
903 3241 995 3288 autem
1008 3239 1104 3288 444444
1117 3238 1190 3300 lost,
1216 3240 1303 3302 spatia
1319 3239 1347 3300 0,

264 3307 332 3369 root.
356 3305 387 3356 04
401 3320 463 3369 poa.
474 3309 526 3361 247
548 3304 559 3372 ΙΙ
583 3311 613 3356 44
633 3308 759 3370 quamuis
777 3308 942 3370 Lootmooo,
969 3321 994 3358 o·
1017 3308 1044 3365 ti.
1058 3319 1080 3356 4.
1101 3307 1190 3370 euml)
1213 3305 1257 3368 04,
1282 3308 1350 3370 conf.

266 3374 298 3426 0·
318 3389 381 3439 pop.
395 3378 447 3430 247
463 3389 533 3426 uere.
547 3380 582 3428 44
588 3393 597 3436 ,·
619 3377 702 3426 44444
719 3389 782 3426 oum
800 3377 828 3425 in
847 3389 928 3426 manu
946 3378 1040 3427 nostra
1058 3377 1113 3426 sint
1129 3381 1263 3438 tamquam
1279 3377 1351 3439 plos-

263 3457 335 3494 semo
347 3446 451 3506 expellit
465 3445 607 3496 Mommsen
618 3445 629 3508 11
645 3447 737 3494 nostra
754 3441 826 3511 (non)
844 3445 980 3508 Boeotiop,
1000 3448 1094 3495 nostra
1109 3443 1135 3505 0,
1155 3444 1222 3507 corf.
1237 3443 1268 3494 04
1283 3458 1348 3508 pop.

263 3517 313 3564 244
327 3514 375 3576 ios.
395 3513 406 3577 ΙΙ
425 3517 451 3562 44
475 3513 639 3574 4144444444,
665 3513 763 3564 neltiae
786 3513 857 3564 filiae
878 3513 925 3576 014
944 3518 975 3564 42
999 3514 1040 3577 agi
1064 3514 1226 3564 iniuriarum
1252 3513 1279 3574 0,
1306 3515 1350 3563 in·

263 3582 394 3632 iuriarum
413 3584 454 3644 egi
474 3583 537 3636 lost.
556 3583 568 3646 ΙΙ
584 3597 682 3634 uerum
703 3581 729 3643 0,
750 3584 798 3634 sed
816 3584 879 3633 lost.
898 3584 959 3646 1142
979 3583 1176 3644 4444441444,
1197 3595 1298 3632 nomen
1319 3581 1347 3645 0,

263 3651 331 3714 conf.
354 3651 385 3702 04
399 3665 462 3714 pop.
477 3657 528 3706 242
544 3666 615 3703 noers.
628 3657 663 3707 24
681 3652 691 3714 ΙΙ
712 3654 743 3701 44
762 3652 873 3716 quidem
892 3653 965 3710 lost,
986 3652 1060 3715 quod
1081 3650 1123 3711 0¹¹,
1144 3651 1211 3713 conf.
1236 3650 1269 3701 04
1283 3665 1348 3714 pop.

263 3724 314 3773 244
331 3734 401 3770 oers.
414 3724 449 3771 44
470 3719 481 3783 ΙΙ
503 3721 632 3784 intellegit
649 3721 707 3770 fieri
728 3719 754 3778 0,
781 3719 839 3770 fleri
862 3720 1027 3782 intellegitur
1046 3721 1126 3781 lost.;
1145 3719 1211 3782 conf.
1236 3719 1268 3771 04
1283 3733 1349 3784 pop.

262 3788 314 3837 444
331 3788 342 3851 ΙΙ
362 3793 392 3836 itt
412 3789 511 3852 tamen]
527 3790 593 3852 sons.
610 3789 711 3854 04444.
723 3794 775 3840 444
787 3801 858 3840 oors.
872 3794 888 3840 8
906 3789 917 3853 ΙΙ
936 3792 967 3838 44
986 3789 1030 3840 444
1045 3788 1071 3851 0,
1087 3790 1188 3839 441444.
1201 3785 1211 3854 ΙΙ
1229 3792 1260 3837 44
1275 3789 1350 3852 qood

265 3855 299 3907 04
317 3863 342 3908 et
360 3858 422 3908 lost.
442 3859 540 3908 4444444
557 3859 661 3920 aliquot,
681 3862 707 3908 et
724 3859 796 3922 quod
811 3859 1003 3909 Institutionum
1020 3860 1118 3909 codices
1136 3859 1253 3908 atticum
1269 3859 1351 3908 Theo-

261 3927 332 3988 pitto
344 3925 354 3988 ΙΙ
367 3927 459 3990 aperte
472 3926 543 3987 lost,
564 3932 652 3992 eptem
669 3926 696 3986 0,
711 3927 777 3990 coos.
795 3927 827 3977 04
841 3940 904 3990 pay.
918 3930 969 3981 244
981 3941 1052 3978 soors.
1065 3933 1083 3981 2
1100 3928 1111 3991 11
1131 3928 1156 3976 44
1172 3925 1198 3985 0,
1213 3926 1249 3976 ad
1263 3928 1326 3977 lost.

263 3999 364 4046 44-44
383 3994 574 4046 contumeliam
594 3997 668 4056 lost,
688 3996 845 4046 tumeliam
866 3995 908 4058 04,
934 3997 1002 4058 eoos.
1024 3995 1055 4046 04
1074 4009 1137 4058 pop.
1151 3999 1201 4048 244
1219 4009 1292 4046 4444.
1306 3925 1346 4061 41

265 4068 295 4114 42
314 4063 373 4115 tieri
385 4064 495 4114 uidetur
509 4063 551 4126 04,
572 4065 682 4129 respicit
695 4065 757 4115 lost.
771 4065 782 4128 ΙΙ
801 4069 832 4113 24
845 4065 908 4128 quis
921 4065 995 4124 lost,
1015 4066 1063 4129 qui
1077 4063 1097 4114 0
1113 4064 1124 4127 ΙΙ
1142 4068 1169 4112 24
1187 4067 1352 4129 proponitur

266 4133 404 4196 Gooscteo,
425 4135 552 4198 proponit
572 4133 598 4195 0,
619 4134 685 4196 cotti.
700 4132 732 4183 04
746 4146 809 4197 pop.
823 4137 875 4184 444
892 4133 903 4196 ΙΙ
921 4135 1021 4198 petenti
1041 4134 1179 4195 Gestator,
1199 4135 1305 4198 potenti
1321 4132 1349 4184 0.
