2966 4758
523 371 610 386 ....
656 339 715 402 (97
759 372 846 385 ....
1005 341 1038 390 1v
1056 341 1231 408 stes-teo·

453 531 480 588 (5
499 542 593 578 uersus
611 532 639 578 in
660 528 679 580 0
696 529 746 591 lepi
762 534 903 589 nequeunt)

140 685 226 693 ——
245 649 355 711 intelle

451 995 479 1052 (5
496 925 675 1044 uersusqlrltac
693 995 743 1057 lepi
760 995 901 1056 nequeunt)
650 1029 1226 1291 m}
1245 926 1260 972 ⁵

139 1113 241 1176 modis
253 1149 391 1160 —-—

432 1209 562 1281 paratus
578 1200 638 1263 luit

453 1289 480 1348 (5
496 1299 591 1337 uersus
608 1289 636 1336 in
658 1285 677 1337 d
694 1288 745 1351 lepi
761 1289 900 1350 nequeunt)

4 1283 7 1424 ᾗ
56 1325 116 1384 too
142 1289 1259 1424 -—-‘--..--.-.-.-†i⁹

449 1405 572 1469 fruetus
587 1408 775 1488 lioitando,
766 1427 794 1470 rs
807 1410 964 1489 tantisper
977 1411 1010 1470 in
1026 1427 1225 1490 possessione
1234 1434 1277 1486 pg
1280 1423 1327 1471 stt

83 1491 365 1595 ο(](ι(ειὶιιιίῑιιτ,ο
390 1495 417 1555 si
440 1493 531 1556 modo
555 1493 739 1556 aduersario
763 1512 819 1556 suo
839 1493 1011 1556 lruotuaria
1027 1495 1227 1576 stipulatione

137 1579 282 1663 coluerit,
316 1579 479 1642 cuiusuis
502 1587 530 1642 et
551 1589 692 1660 potestas
714 1582 791 1642 haee
814 1590 879 1659 est,
912 1589 949 1642 ut
970 1583 997 1644 si
1021 1591 1128 1644 eontra
1152 1601 1226 1644 eum

138 1665 174 1728 do
201 1663 405 1750 posslessioue
430 1668 666 1746 pronuntiatum
684 1666 801 1748 fuerit,
833 1684 900 1728 earn
922 1685 1077 1729 summam
1101 1667 1227 1731 aduer-

138 1754 221 1814 sario
250 1754 363 1815 soluat.
411 1752 490 1814 haee
513 1761 620 1814 autem
642 1751 760 1814 licendi
783 1753 943 1814 eontentio
967 1752 1090 1816 fruetus
1113 1754 1227 1816 licita-

137 1839 181 1900 tio
203 1847 388 1917 uoeatur‚s
373 1838 494 1900 seilieet
516 1839 591 1918 quia
605 1875 1225 1886 —-————---——--—--—-
1246 1855 1277 1901 ts

136 1922 1036 2007 -(-----------------
1056 1934 1164 2006 postea
1179 1927 1227 1989 al-

137 2021 188 2073 ter
212 2007 215 2090 (
240 2010 376 2072 alterum
399 2010 567 2092 sponsione
590 2019 755 2091 prouocat,
789 2010 876 2092 quod
904 2010 1062 2074 aduersus
1085 2011 1225 2074 edietum

138 2097 295 2178 praetoris
317 2095 494 2176 possidenti
517 2096 575 2159 sibi
597 2099 647 2158 uis
669 2094 761 2158 laeta
773 2099 825 2176 sit,
852 2107 883 2159 et
905 2098 1045 2160 inuicem
1068 2096 1160 2160 ambo
1175 2118 1227 2160 re-

137 2179 343 2264 stipulanitur
363 2181 521 2245 aduersus
543 2183 763 2283 sponsionern3
790 2183 844 2244 uel

137 2265 300 2350 ----(
322 2287 387 2330 una
417 2271 501 2331 inter
530 2287 583 2331 eos
613 2271 740 2350 sponsio
769 2271 903 2349 itemque
931 2270 1131 2350 restipulatio
1160 2290 1225 2333 uuo
1245 2285 1276 2332 so

139 2632 236 2694 quem
252 2612 292 2675 de
315 2633 352 2674 ea
376 2611 380 2696 i
405 2632 440 2676 re
462 2613 577 2694 agitur,
604 2611 685 2674 illud
708 2613 829 2674 scilieet
851 2613 988 2693 requirit
1004 2525 1227 2696 (535)ngan

138 2709 188 2762 tor
213 2699 382 2762 interdicto
408 2699 583 2780 conplexus
605 2709 669 2778 est,
701 2697 734 2760 id
756 2709 804 2761 est
826 2708 900 2761 uter
922 2717 1032 2761 eorum
1055 2718 1128 2761 eum
1151 2699 1226 2762 iun-
1244 2716 1276 2762 ss

138 2785 217 2847 dum
240 2805 334 2848 easue
357 2784 453 2848 aedes
475 2804 534 2866 per
556 2783 590 2846 id
612 2795 740 2866 tempus
762 2803 825 2865 quo
848 2783 1049 2848 interdictum
1064 2784 1221 2868 redditur,

138 2956 188 2972 ,ΛΜ

210 3064 240 3108 to
259 3063 287 3110 in
305 3062 351 3122 ets,
371 3073 437 3123 quoe
450 3063 579 3124 popinam
595 3062 690 3111 codicis
710 3060 798 3115 02th
812 3066 1026 3124 praecesserunt,
1049 3060 1131 3112 Gaius
1148 3075 1227 3126 open

138 3135 258 3193 coeperat
275 3131 306 3180 de
323 3131 414 3181 udins
431 3133 456 3181 et
473 3132 546 3182 snitu
563 3132 759 3182 interdictorum
776 3132 927 3182 retinendae
947 3133 1118 3193 possessionis
1135 3131 1146 3194 ΙΙ
1165 3136 1227 3182 onte

138 3197 243 3249 fruetus
261 3198 391 3250 licitando
409 3200 529 3264 Krueper
547 3199 625 3262 (conf.
645 3200 774 3250 Kritiseie
796 3200 921 3250 Versuole
940 3213 1002 3264 pop.
1018 3200 1062 3260 92)
1081 3212 1103 3250 e.
1117 3214 1144 3263 p.
1164 3201 1227 3252 loeo

138 3268 254 3329 supplet:
278 3271 308 3318 et
329 3269 377 3333 qui
400 3268 570 3333 superauerit
587 3267 710 3320 fi'uetsrs
727 3267 897 3328 licitando,
917 3273 970 3318 etc.
994 3269 1005 3332 ΙΙ
1030 3271 1060 3317 45
1080 3273 1140 3330 post
1162 3270 1226 3333 quia

139 3337 259 3400 Krueper
277 3349 297 3386 e.
312 3350 338 3399 p.
356 3337 419 3387 ineo
436 3338 539 3399 supplet
556 3339 591 3387 od
608 3340 763 3388 sententiam
776 3339 978 3402 perpiciendum:
1003 3337 1037 3387 de
1056 3349 1089 3387 eo
1108 3339 1179 3388 inter
1196 3351 1226 3390 se

138 3406 257 3464 cenant,
283 3409 345 3456 uter
367 3417 464 3456 eorum
486 3405 592 3456 fruetus
615 3407 724 3456 interim
747 3407 889 3471 percipiat.
917 3408 1029 3467 postea
1046 3405 1197 3458 alterato.
1217 3403 1227 3473 ΙΙ

139 3477 171 3523 tt
196 3473 239 3536 sit]
266 3477 308 3525 est
328 3473 363 3526 0¹¹
385 3474 396 3538 ΙΙ
421 3479 451 3524 ts
475 3475 606 3538 Adelphos
625 3475 738 3525 Senonidt
761 3475 1068 3537 (luterdilotenoorfoiren
1088 3476 1224 3539 popilii)

137 3545 175 3593 ito
192 3543 307 3605 supplet:
326 3541 380 3596 uel
397 3546 423 3594 si
439 3557 511 3594 unus
533 3545 639 3594 unium
662 3545 809 3608 sponsione
832 3544 996 3608 prouocauit
1012 3543 1143 3605 alterum,
1162 3557 1227 3596 una

136 3611 222 3664 inter
244 3624 298 3662 eos
322 3613 451 3675 sponsio
475 3616 544 3673 etc.;
575 3612 693 3664 Huschke
715 3615 767 3664 ito:
795 3611 848 3664 uel
872 3611 1102 3677 stipulationibus
1126 3614 1226 3664 iunctis

137 3680 243 3732 duetus
260 3693 324 3732 une
340 3682 424 3734 inter
447 3694 502 3734 eos
525 3682 654 3744 sponsio
672 3684 724 3734 eto.
743 3682 754 3744 (Ι
773 3685 804 3731 at
822 3681 935 3743 putasse
953 3695 974 3732 e.
988 3696 1013 3745 p.
1030 3681 1227 3744 restipulatio

136 3762 194 3802 una
218 3753 324 3802 tantum
346 3750 388 3802 nd
405 3764 475 3804 eam
491 3751 528 3804 ut
546 3752 718 3812 supplendum
736 3756 788 3811 est;
813 3751 874 3812 quid
894 3756 954 3813 post
977 3751 1013 3802 ad
1031 3763 1091 3802 eam
1110 3751 1140 3802 lit
1157 3753 1227 3814 opud

140 3818 235 3870 doum
258 3822 382 3881 eutiterit,
402 3823 452 3871 diei
470 3819 585 3884 nequitu
607 3823 638 3869 23
659 3833 690 3869 eo
707 3833 774 3880 quoe
788 3821 910 3881 proniore
927 3823 988 3870 onte
1006 3820 1088 3870 iudex
1103 3833 1227 3883 proeces-

136 3893 237 3950 serunt,
257 3891 320 3939 duee
336 3889 393 3954 [ero
410 3889 539 3940 llusoiltto
556 3891 590 3939 od
608 3890 762 3939 sententium
778 3891 816 3939 itu
840 3889 957 3950 suppleri
974 3893 1098 3951 possunt:
1123 3888 1226 3939 Deinde

137 3956 217 4008 editis
235 3955 359 4009 formulis
377 3959 556 4024 sponsionum
575 3961 602 4008 et
614 3956 849 4021 restipulationum
866 3957 963 4010 iudex
976 3956 1060 4020 apud
1073 3961 1137 4020 ete„
1157 3956 1225 4019 cons.

137 4030 223 4076 tomen
244 4025 276 4078 0⁸
293 4025 304 4088 (Ι
322 4029 354 4076 ii
374 4028 449 4091 quod
467 4028 566 4078 eddidit
586 4026 728 4088 Goesolun,
750 4040 799 4079 ont.
822 4025 848 4087 C,
869 4027 937 4090 cons.
961 4026 993 4078 G·
1007 4040 1071 4089 pop.
1085 4031 1135 4080 295
1153 4038 1225 4075 nors.

138 4095 194 4158 451(
212 4099 243 4145 26
268 4107 317 4160 per
342 4095 369 4146 id
394 4100 501 4161 tempus
522 4095 549 4157 C,
575 4109 607 4146 eo
633 4099 756 4158 tempore
775 4096 904 4146 Polenoor
926 4095 937 4158 ΙΙ
961 4095 1138 4146 interdictum
1159 4095 1226 4146 doe·

137 4163 224 4224 scien,
245 4163 390 4216 interdicto
411 4164 454 4224 Cn,
474 4165 541 4227 conl.
562 4163 592 4214 Οι
607 4177 668 4228 pop.
681 4168 732 4216 505
744 4165 792 4228 ins.
