2966 4758
241 317 277 366 1v
294 314 457 380 4444-443
622 349 709 362 --
755 316 816 380 186
859 349 946 360 -

241 505 324 585 34443
347 503 474 578 dorem3
501 523 574 567 uam
596 505 626 566 si
647 523 715 567 eam
737 524 805 566 rem
828 524 846 566 a
868 523 919 566 me
941 513 1041 584 petas,
1068 502 1164 566 datur
1177 503 1255 566 mihi
1271 524 1333 567 ex-

242 589 346 671 ceptio
376 609 434 671 per
457 608 563 670 quam,
597 593 624 653 si
647 600 752 653 metus
775 599 923 653 3343343
947 590 1136 652 4334333334
1159 590 1229 652 4343
1246 593 1332 654 malo

152 674 227 737 447·
242 695 385 757 arguero,
411 676 588 756 repelleris.
628 678 705 738 Item
728 676 755 738 si
772 675 906 738 fundum
922 677 1094 758 litigiosum
1110 675 1214 738 334343
1229 696 1251 737 3
1264 697 1331 740 434

242 761 424 843 possidente
456 765 570 824 3433443
600 781 737 843 eumque
768 761 992 844 apossidente
1015 771 1123 843 petas,
1156 763 1332 843 opponitur

158 849 218 908 448
241 847 301 910 tibi
324 850 469 929 exceptio
491 867 551 929 per
572 867 667 928 quam
690 847 882 910 omnimodo
898 847 1120 910 summoueris.
1159 849 1367 930 Exceptio-⁵

241 953 299 996 nes
328 943 434 997 334344
463 935 541 997 34433
570 935 604 996 44
628 934 730 997 344343
753 943 881 1014 4433434
903 934 1000 996 habet
1021 933 1216 1016 propositas,
1250 936 1330 1000 alias

241 1039 336 1083 33333
358 1021 482 1101 cognita
504 1019 728 1082 accommodat.
768 1040 851 1101 quae
874 1039 984 1083 omnes
1006 1020 1058 1084 334
1078 1040 1118 1082 ex
1133 1019 1259 1101 legibus
1274 1023 1329 1085 uel

241 1126 281 1168 34
296 1107 345 1168 his
361 1125 443 1187 quae
467 1107 547 1188 legis
568 1108 672 1169 uicem
695 1106 851 1186 optinent,
878 1106 1090 1169 substantiam
1112 1108 1252 1188 capiunt,
1276 1109 1329 1172 uel

158 1193 217 1252 449
241 1211 283 1254 ex
304 1191 525 1255 iurisdictione
547 1193 702 1274 praetoris
723 1191 867 1274 proditae
882 1201 968 1254 sunt.
986 1190 1000 1278 44
1015 1192 1133 1254 Omnes
1148 1201 1255 1256 autem
1270 1203 1447 1263 ex-pgma

241 1277 404 1359 334443433
426 1277 461 1340 44
476 1279 668 1342 contrarium
684 1277 916 1359 concipiuntur,
942 1297 1037 1358 quom
1053 1278 1199 1341 adfirmat
1213 1279 1241 1341 is
1257 1300 1329 1342 cum
1350 1288 1383 1333 44

219 1365 305 1444 'quo
331 1364 448 1444 agitur.
486 1383 560 1426 nam
590 1364 618 1427 si
645 1364 739 1428 uerbi
770 1364 871 1446 gratia
896 1383 971 1426 4333
999 1363 1070 1426 4343
1099 1365 1181 1427 malo
1204 1365 1330 1448 aliquid

241 1459 378 1514 actorem
405 1449 510 1513 facere
541 1450 641 1529 dicat,
674 1450 729 1531 qui
751 1450 829 1512 43443
851 1450 1021 1532 pecuniam
1043 1451 1125 1532 petit
1146 1470 1241 1531 quam
1265 1471 1329 1514 non

240 1536 443 1617 numerauit‚
473 1535 519 1599 343
545 1539 691 1618 exceptio
717 1535 896 1618 concipitur
921 1556 949 1599 34
970 1555 1002 1600 443
1024 1555 1060 1597 44
1082 1556 1117 1599 44
1141 1557 1222 1600 rums
1245 1557 1327 1601 4343

240 1641 319 1684 44443
341 1644 371 1684 4.
396 1641 495 1684 43444444
517 1641 631 1685 4434444
653 1643 699 1685 344
720 1643 816 1696 suoru
840 1641 921 1697 4444;
955 1623 1031 1685 item
1061 1625 1088 1684 si
1114 1621 1198 1686 dicat
1219 1634 1329 1688 334443

240 1711 419 1789 pactionem
448 1711 617 1790 pecuniam
644 1711 725 1791 peti,
758 1711 802 1772 ita
824 1711 1002 1790 3343444434
1024 1709 1168 1790 exceptio
1191 1729 1217 1772 34
1240 1729 1330 1774 mma
1351 1719 1383 1764 44

239 1815 269 1855 4.
291 1813 420 1857 43444444
442 1813 478 1856 m
500 1815 531 1858 44.
556 1815 698 1858 4443444444
720 1815 782 1858 uox
805 1813 953 1858 3344444444
975 1815 1012 1858 444
1034 1813 1068 1856 44
1092 1815 1217 1858 4434444
1238 1815 1330 1858 4444-

241 1899 348 1958 444444;
376 1891 408 1942 34
429 1881 569 1962 denique
593 1883 626 1944 44
649 1881 762 1944 3343443
785 1881 891 1944 333343
913 1881 1060 1944 similiter
1082 1881 1206 1962 concipi
1230 1883 1324 1959 solet;

240 1965 312 2028 ideo
342 1967 462 2030 scilicet
489 1969 567 2048 quio
593 1970 695 2029 omnis
722 1969 866 2049 exceptio
893 1967 1029 2030 obicitur
1059 1966 1189 2048 quidem
1220 1989 1324 2046 3433,

240 2051 297 2113 334
319 2051 361 2112 443
385 2053 538 2115 formulae
560 2054 722 2132 inseritur,
747 2063 785 2116 ut
806 2052 1053 2116 condicionalem
1068 2053 1162 2116 faciat
1176 2053 1329 2117 condem-

240 2138 411 2218 nationem,
438 2137 472 2200 id
494 2149 544 2202 est
565 2158 606 2202 43
629 2138 721 2201 344434
741 2138 841 2202 iudex
863 2160 936 2203 3344
959 2159 1031 2202 cum
1051 2159 1113 2220 quo
1129 2142 1235 2220 agitur
1251 2161 1328 2202 con-
1349 2148 1383 2195 ²⁰

240 2222 381 2304 4344434,
408 2243 504 2304 quam
527 2225 554 2288 si
576 2225 657 2287 nihil
679 2225 713 2288 in
737 2245 774 2288 33
796 2245 831 2288 43
854 2245 917 2307 qua
940 2225 980 2288 (43
1003 2226 1108 2306 agitur
1126 2225 1198 2288 dolo
1213 2227 1329 2290 actoris

240 2309 358 2372 4334344
381 2310 440 2390 344;
467 2313 543 2374 item
565 2331 606 2375 43
628 2312 721 2374 344434
743 2312 842 2375 iudex
865 2331 939 2375 eum
961 2309 1159 2394 condemnet,
1185 2313 1328 2393 quamsi

239 2397 364 2458 nulium
386 2406 515 2478 pactum
537 2405 726 2461 conuentum
748 2399 787 2461 de
810 2417 873 2460 non
895 2397 1035 2479 petenda
1056 2399 1193 2480 pecunia
1211 2398 1328 2462 iactum

252 2483 348 2546 33444.
1481 2535 1482 2560 ,

156 2567 214 2630 420
236 2481 258 2564 f
324 2569 481 2632 Dicuntur
508 2580 614 2633 autem
642 2571 846 2651 exceptiones
868 2579 924 2633 aut
944 2570 1177 2652 peremptoriae
1199 2578 1256 2633 aut
1277 2569 1329 2633 di·
1348 2579 1384 2626 24

157 2654 212 2715 424
241 2655 383 2718 43434433.
431 2657 666 2739 Poremptoriae
701 2665 777 2719 sunt
806 2675 888 2737 quae
917 2665 1072 2738 perpetuo
1105 2657 1230 2736 ualent,
1268 2677 1329 2720 nec
1480 2651 1482 2731 4

239 2743 354 2806 3344344
376 2751 527 2824 4333344,
559 2743 661 2806 334344
684 2741 769 2825 quod
792 2751 897 2806 metus
918 2762 1030 2822 33333,
1060 2751 1115 2806 334
1137 2741 1209 2805 4343
1231 2744 1324 2823 malo,

239 2836 295 2889 aut
317 2828 404 2908 quod
426 2838 533 2892 contra
556 2831 658 2911 legem
675 2839 846 2892 senatusue
861 2829 1037 2892 consultum
1053 2827 1170 2900 iactum
1186 2837 1247 2908 est,
1274 2837 1330 2892 aut

239 2913 326 2993 quod
352 2931 405 2976 res
435 2913 573 2978 iudicata
599 2924 649 2977 334
677 2915 731 2976 334
759 2917 792 2976 44
814 2914 970 2977 iudicium
992 2913 1129 2978 deducta
1151 2923 1216 2996 334,
1250 2914 1328 2978 44343

238 2999 323 3080 43344
350 3001 498 3062 33433444
526 2999 612 3082 quod
631 2999 754 3081 factum
776 3010 836 3082 334,
862 3020 903 3064 43
926 3001 1053 3064 omnino
1075 2999 1213 3082 pecunia
1233 3011 1327 3082 pete·
1347 3009 1382 3056 ³⁰

155 3083 215 3146 422
239 3093 340 3148 43434.
379 3085 548 3148 Dilatoriae
571 3094 647 3148 sunt
669 3088 874 3168 exceptiones
896 3107 979 3168 quae
1001 3086 1042 3150 34
1058 3095 1185 3168 tempus
1200 3089 1323 3166 ualent,

237 3171 342 3233 ueluti
367 3171 454 3233 444433
482 3172 568 3252 43344
598 3172 747 3234 33433444
775 3172 861 3256 quod
883 3173 1001 3236 4334344
1023 3183 1072 3236 334
1093 3172 1188 3235 uerbi
1211 3172 1325 3254 gratia,

306 3314 381 3381 §4⁴8
400 3315 465 3366 iude
482 3315 517 3366 344
537 3319 551 3364 7
571 3329 606 3366 co>
624 3317 722 3382 4344433
740 3316 810 3368 3344.
828 3319 895 3369 1334.
911 3319 934 3378 4,
952 3321 993 3377 44,
1008 3321 1032 3368 t.

308 3449 318 3494 4
341 3445 436 3496 darem
449 3445 548 3496 namsi
561 3458 622 3495 3344
638 3445 780 3506 0343433444,
794 3445 1049 3496 434443334333434
1061 3444 1089 3505 0,
1103 3445 1199 3496 darem
1211 3458 1329 3510 eamque

238 3510 383 3580 4444434434
406 3516 420 3562 4
444 3527 495 3580 434
515 3513 654 3575 0333344344,
678 3527 729 3580 443
751 3513 794 3578 04,
820 3514 887 3577 coos.
907 3513 939 3564 04
959 3527 1023 3578 434.
1037 3519 1089 3569 244
1106 3527 1177 3565 3343.
1192 3513 1255 3578 444
1279 3518 1293 3563 4
1312 3528 1329 3564 3

240 3583 379 3643 03333433,
399 3581 418 3634 ἰ
431 3582 459 3647 0,
480 3583 547 3647 conf.
564 3582 597 3634 0·
611 3596 675 3646 434.
687 3587 740 3638 342
751 3595 822 3634 uera.
837 3588 853 3634 8
870 3582 882 3648 ΙΙ
901 3584 1040 3648 saepiunt
1054 3582 1192 3644 0333344344,
1208 3585 1329 3648 3343444

240 3650 336 3714 0444
355 3665 438 3716 quam
457 3653 562 3716 4434434,
582 3653 630 3716 qui
645 3652 690 3715 0¹¹,
710 3652 777 3715 conf.
792 3651 965 3716 04434242
981 3665 1052 3702 ocra.
1067 3652 1151 3716 8444
1169 3651 1329 3704 443444433-

236 3721 323 3780 334433,
350 3721 454 3774 44334444
474 3721 522 3785 04
546 3725 578 3772 te
597 3720 669 3786 quia]
689 3722 756 3784 conf.
778 3721 819 3784 6¹,
836 3733 900 3785 434.
914 3727 965 3776 244
977 3721 1026 3783 434.
1046 3720 1166 3784 4344443
1185 3720 1325 3784 4433334344,
1351 3773 1355 3780 ,

237 3802 333 3840 omncs
354 3789 373 3840 0
395 3790 407 3854 44
429 3789 558 3842 obiicitur
578 3790 722 3854 Gocccten,
749 3789 869 3854 obigitur
890 3789 924 3842 04
944 3787 956 3857 4
977 3792 1009 3840 44
1036 3790 1165 3841 inseritur
1185 3789 1325 3850 03333434,

237 3859 364 3910 inseritur
385 3859 428 3918 01¹,
449 3859 516 3922 conf.
537 3858 567 3909 0²
581 3861 707 3922 434447,
724 3864 824 3912 ueras
843 3859 854 3923 44
873 3863 905 3908 34
931 3860 1099 3910 conuentum
1122 3859 1157 3910 de
1184 3858 1326 3920 0333344344,

237 3928 382 3978 conuenite
401 3927 436 3979 04
456 3928 534 3991 (cous.
557 3926 590 3979 0Ι
604 3939 666 3992 433.
678 3932 729 3979 448
747 3941 817 3979 cers.
829 3929 875 3990 24)
893 3928 905 3992 44
924 3931 955 3978 st
974 3926 1058 3978 433444
1077 3927 1216 3988 43333433,
1235 3929 1289 3978 erit
1308 3927 1328 3979 0

239 3996 362 4059 (sortasse
378 3999 458 4057 recte)
483 3996 495 4060 4
520 3999 552 4046 48
577 3997 733 4048 consultum
753 3997 896 4058 0334344344,
924 3996 1050 4048 33433443
1072 3997 1099 4060 0,
1125 3996 1193 4059 coos.
1215 3995 1247 4046 0
1262 4009 1326 4060 434.

236 4069 288 4119 842
306 4079 376 4117 cers.
390 4066 446 4130 444
465 4071 496 4114 44
516 4063 618 4116 iactum
634 4064 773 4129 03333433,
792 4069 901 4131 pactum
916 4067 976 4125 (uic
985 4067 1136 4130 peractum)
1154 4065 1212 4129 044
1230 4069 1265 4115 m
1277 4079 1327 4116 ue-

238 4133 288 4184 luti
309 4135 447 4198 03343434,
469 4135 553 4186 334344
572 4135 596 4184 43
618 4134 662 4196 04,
682 4135 750 4198 cons.
772 4133 803 4184 04
817 4148 879 4200 434.
893 4140 944 4186 att
963 4149 1034 4186 44343.
1048 4139 1090 4186 28.
1169 4141 1171 4148 ’
