2966 4758
498 393 583 404 ...
630 359 690 420 139
733 394 818 404 -.
983 361 1017 410 444
1036 359 1199 425 §teo-ree

49 550 96 610 464
67 551 158 610 600
186 545 271 646 443044
301 547 352 607 3444
383 546 531 608 004340004
559 565 652 627 quam
684 548 734 609 034
768 549 892 610 0043040
921 548 1065 612 deberet.
1122 550 1199 612 Cum

25 695 27 708 ,
123 641 224 694 334043
249 635 276 694 40
299 635 350 694 034
374 643 459 694 40040
475 633 703 711 mandauerim,
730 653 874 714 egressus
890 635 988 698 430444
1003 635 1196 715 mandatum,

25 717 27 798 j
121 738 176 798 ego
200 717 326 798 quidem
349 729 479 781 eatenus
502 739 574 781 cum
597 739 633 781 eo
655 719 754 780 1434400
776 720 913 782 34336344
931 723 1095 798 actionem,
1121 741 1201 802 qua-

25 809 27 884 J
121 815 211 866 tenus
235 823 306 866 mea
328 806 460 866 interest
482 806 621 886 inplesse
645 826 717 867 eum
740 805 938 886 mandatnm,
971 809 997 870 si
1029 807 1120 869 modo
1151 811 1199 869 io-

120 892 206 972 plere
229 893 384 971 potuerit3
410 901 442 952 34
464 892 519 952 4440
541 911 665 953 3400343
689 911 781 972 agere
804 912 867 953 non
890 901 1002 973 potest.
1044 896 1151 974 itaque
1174 895 1234 955 046

25 975 26 1004 4
120 975 339 1038 mandauerim
361 976 435 1055 tibi,
461 987 498 1038 34
519 978 610 1038 uerbi
633 980 734 1058 gratia
756 979 891 1040 fundum
913 981 989 1040 mihi
1013 981 1202 1042 000404444οᾶ

121 1082 252 1142 emeres,
278 1071 314 1124 tu
336 1065 485 1125 sestertiis
506 1064 542 1123 44
565 1066 690 1142 0340440,
716 1083 779 1125 non
798 1064 931 1126 habebis
946 1085 1071 1126 meeum
1085 1061 1095 1150 4
1109 1075 1301 1136 man-rigari

25 1201 26 1234 3
120 1149 183 1211 dati
207 1149 374 1224 actionem,
401 1149 524 1210 etiamsi
547 1151 627 1210 tanti
649 1151 731 1211 uelis
746 1151 822 1211 mihi
839 1151 912 1213 dare
928 1150 1072 1230 fundum,
1090 1151 1199 1230 quanti

25 1243 26 1276 4
120 1235 289 1297 0340344343
312 1234 371 1295 44444
394 1235 609 1312 34336300043;
638 1235 734 1315 4444430
758 1237 894 1298 maxime
910 1237 1025 1299 Sabino
1049 1247 1079 1300 et
1095 1237 1199 1298 Cassio

25 1325 27 1348 ²
120 1322 249 1423 placuit.
295 1319 409 1420 quodsi
436 1321 567 1382 minoris
598 1323 728 1400 emeris,
767 1322 900 1384 babebis
930 1342 1051 1384 meeum
1080 1324 1250 1386 0044400444

120 1409 285 1485 304403034,
312 1408 386 1486 quia
409 1409 463 1487 qui
486 1406 625 1487 mandat,
651 1415 721 1470 3444
743 1409 872 1470 milibus
895 1419 1062 1486 emeretur,
1088 1410 1114 1470 is
1136 1411 1201 1471 4444

120 1512 180 1574 que
204 1492 353 1554 mandare
376 1493 579 1573 intellegitur,
605 1496 653 1555 uti
675 1494 816 1572 minoris,
844 1497 870 1556 si
885 1505 1001 1575 posset,
1029 1505 1198 1556 emeretur

48 1581 98 1642 462
119 1580 150 1640 444
166 1598 291 1640 0343433
308 1579 470 1640 sciendum
488 1576 558 1663 (004,
577 1599 634 1662 quo
636 1576 727 1662 44000)
744 1580 865 1661 aliquid
882 1584 979 1662 gratis
995 1578 1200 1666 (socciandum)

25 1657 26 1744 j
119 1664 281 1742 dederim,
314 1683 377 1744 quo
406 1667 532 1726 4404444440
554 1668 581 1728 04
606 1665 785 1727 mercedem
807 1669 1003 1744 statuissem,
1036 1668 1145 1729 locatio
1170 1676 1201 1728 et

25 1761 27 1798 4
118 1751 285 1813 0034430440
308 1751 557 1830 contraheretur,
582 1753 722 1814 mandati
744 1771 813 1815 0000
844 1764 893 1815 304
895 1754 1012 1829 403034;
1044 1755 1144 1816 304344
1174 1754 1200 1814 04
1220 1763 1253 1808 ts

119 1836 229 1900 4344034
253 1835 398 1917 4404403443
421 1837 603 1900 0343344330
625 1840 816 1900 uestimenta
838 1835 1002 1922 (dederim)
1025 1849 1080 1901 aut
1102 1839 1201 1901 sarci-

119 1925 220 1986 natori
244 1922 417 1985 sarcienda.

48 2005 115 2071 464
203 2010 366 2090 Expositis
395 2009 567 2090 generibus
596 2008 823 2089 obligationum
856 2029 937 2090 quae
966 2029 1006 2072 04
1038 2019 1200 2072 003443043

118 2103 301 2175 330033434,
329 2095 518 2158 admonendi
541 2115 650 2158 sumus
672 2095 798 2176 adquiri
821 2096 913 2158 nobis
935 2116 996 2157 non
1022 2097 1122 2158 004343
1143 2115 1202 2177 per

25 2209 28 2224 4
118 2190 242 2243 nosmet
264 2182 366 2262 444000,
399 2181 457 2242 0044
487 2183 580 2243 044343
603 2201 662 2262 per
685 2200 737 2244 eas
760 2202 912 2263 personas
935 2202 1016 2262 quae
1040 2185 1071 2243 in
1096 2191 1202 2244 nostra
1220 2193 1252 2238 04

50 2268 96 2328 464
117 2274 273 2348 potestate
297 2287 392 2328 manu
415 2267 613 2348 mancipioue
641 2277 727 2330 sunt.
774 2270 833 2329 Per
855 2269 972 2330 liberos
994 2287 1121 2348 quoque
1145 2269 1202 2328 ho-

118 2357 221 2416 mines
245 2362 277 2414 et
299 2353 418 2416 alienos
447 2373 557 2416 seruos
588 2372 667 2434 quos
697 2353 779 2416 bona
807 2354 869 2416 fide
899 2355 1113 2435 possidemus
1145 2353 1202 2414 ad-

119 2442 259 2520 quiritur
280 2439 382 2518 nobiS,
408 2439 465 2500 sed
489 2449 612 2501 tantum
634 2459 674 2501 04
689 2439 813 2502 duabus
828 2441 942 2519 causis,
968 2439 1000 2500 id
1016 2450 1064 2501 est
1079 2441 1106 2500 si
1122 2438 1200 2519 quid

48 2525 95 2585 465
118 2545 157 2587 04
180 2527 288 2606 operis
309 2526 377 2587 suis
398 2527 451 2588 304
474 2545 515 2588 04
537 2545 571 2588 40
594 2535 700 2587 300443
722 2526 904 2606 adquirant.
945 2528 1003 2587 Per
1025 2545 1097 2588 0343
1121 2543 1201 2604 quo·
1265 2562 1268 2572 ι

118 2630 180 2692 que
204 2631 334 2674 seruum
364 2613 397 2672 in
427 2631 489 2692 4430
520 2611 752 2674 usumfructum
782 2612 951 2692 babemus,
985 2612 1131 2674 similiter
1162 2629 1201 2672 04
1219 2623 1251 2668 45

48 2696 96 2757 466
120 2697 246 2761 6334430
269 2699 338 2760 40440
362 2701 464 2760 033040
487 2699 579 2760 nobis
602 2698 793 2778 adquiritur.
841 2698 905 2760 Sed
927 2700 982 2780 4434
1005 2697 1126 2760 nudum
1150 2697 1200 2758 ius

119 2784 288 2856 Quiritium
312 2786 345 2846 in
369 2803 462 2846 00430
484 2785 598 2863 4434404,
624 2785 698 2846 44004
721 2783 867 2846 dominus
890 2785 942 2866 sit,
969 2785 1073 2845 minus
1096 2793 1201 2844 tamen

118 2869 369 2932 434404303ιο
396 2869 513 2932 habere
543 2871 735 2950 intellegitur
763 2889 859 2951 quam
886 2869 1141 2933 usufructuarius
1172 2875 1202 2930 et

25 2967 27 2988 4
119 2955 222 3018 bonae
247 2955 322 3018 fidei
344 2975 518 3036 possessor.
550 2975 623 3018 nam
638 2958 742 3037 piacet
759 2977 799 3019 04
814 2957 901 3018 33443
917 2975 1013 3019 causo
1028 2957 1056 3018 ei
1073 2955 1201 3035 adquiri

117 3075 374 3090 mvvvvvslwwvvv

185 3126 257 3192 §tot
280 3128 343 3178 inde
362 3128 396 3178 ab
416 3132 447 3177 to
467 3130 557 3190 quodsi
575 3127 629 3177 4043
653 3148 685 3170 =
709 3129 774 3178 inst.
797 3132 821 3188 3,
842 3132 883 3187 36,
901 3133 915 3178 8
938 3128 949 3191 14
975 3126 1053 3192 §tce
1080 3127 1142 3177 4360
1166 3127 1201 3178 044

118 3201 147 3246 46
167 3199 190 3246 04
209 3216 241 3239 =
260 3197 324 3246 inst.
342 3201 367 3256 3,
381 3201 423 3256 36,
441 3201 470 3246 43
495 3197 506 3260 41
529 3195 604 3260 §tce
625 3216 656 3240 =
675 3198 739 3247 inst.
758 3200 781 3257 3,
802 3200 834 3247 38
848 3211 888 3262 pr.
913 3197 925 3261 ΙΙ
948 3195 1026 3261 §iot
1046 3217 1078 3239 =
1097 3198 1198 3260 43043,

118 3268 158 3328 40,
174 3269 184 3313 4
209 3264 450 3330 44404--4404
465 3271 489 3328 4,
505 3269 548 3327 44
564 3269 587 3316 0

185 3424 195 3466 4
218 3420 344 3482 eoquod
364 3418 406 3479 0¹¹,
428 3421 490 3484 quia
511 3421 573 3470 44404.
594 3419 768 3484 nequidem
791 3421 929 3480 00000400,
949 3418 1061 3483 443460,
1082 3419 1148 3482 coos.
1170 3417 1202 3469 0²

25 3533 26 3556 3
113 3501 172 3551 404.
185 3492 238 3541 262
255 3502 324 3538 44040
338 3493 373 3540 66
391 3457 406 3552 4
420 3491 555 3540 actionem
572 3489 709 3548 0000044044,
725 3491 855 3539 3444044034
871 3487 913 3549 04,
929 3488 995 3550 cons.
976 3487 1115 3551 4.044404
1130 3492 1180 3538 366
1192 3483 1202 3554 4

25 3557 26 3584 ³
118 3557 282 3607 4000404460
298 3558 435 3617 00000400,
457 3571 485 3608 00
508 3558 535 3620 0,
557 3527 1199 3621 004440440436604044’1166040000004044

116 3625 172 3675 44344
188 3625 208 3676 0
224 3625 234 3688 ΙΙ
254 3629 284 3674 44
304 3639 363 3676 3400
378 3627 455 3690 (conf.
474 3627 505 3677 04
519 3641 583 3690 pop.
597 3629 659 3688 2664
679 3627 782 3677 00444004
796 3626 838 3688 04,
860 3627 894 3675 cd
910 3629 1045 3675 trauersum
1061 3627 1203 3676 uerborum

116 3696 232 3744 ordinem
249 3695 347 3745 4444οι4444
365 3695 427 3746 lost.
446 3695 457 3758 44
477 3699 503 3744 44
527 3697 590 3760 quia
612 3695 638 3755 0,
659 3697 788 3760 quoniam
803 3696 865 3745 44404
885 3694 895 3758 ΙΙ
912 3693 982 3755 340,
1002 3696 1033 3744 34
1050 3694 1177 3744 0444414404

118 3767 147 3812 46
165 3762 296 3813 34336340
318 3763 457 3825 0000044044,
478 3765 649 3818 mendane.
677 3765 819 3814 mandasse
839 3765 900 3814 44404.
922 3763 933 3827 ΙΙ
951 3731 1040 3826 3440,
1061 3765 1091 3812 34
1109 3764 1172 3813 1004

116 3835 251 3882 emeretur
270 3833 344 3892 44404,
365 3802 515 3895 03404040,
538 3833 604 3896 coos.
628 3833 659 3884 0⁸
673 3847 736 3896 pop.
748 3838 801 3884 666
819 3832 830 3890 44
851 3837 880 3881 43
899 3828 926 3898 (i
945 3837 969 3882 04
986 3828 1013 3898 i)
1031 3833 1120 3882 04444440
1138 3833 1201 3881 duce

115 3899 167 3960 4040
188 3870 344 3952 Goescteoo'
356 3901 367 3965 ΙΙ
394 3905 425 3950 46
448 3902 572 3952 60604443
596 3904 642 3952 400
666 3904 719 3952 4000
742 3903 888 3952 addendum
911 3913 966 3952 0000
983 3903 1094 3950 suadent
1112 3901 1173 3949 44404.
1190 3897 1200 3964 ΙΙ

117 3972 146 4018 34
165 3969 259 4028 0300,
282 3983 327 4020 030
352 3983 461 4034 quoque
480 3972 543 4034 44404.
565 3971 576 4034 44
598 3974 625 4019 et
649 3971 749 4021 liberos
769 3971 843 4031 44404,
870 3969 986 4020 444404οο0
1011 3967 1054 4028 04,
1080 3968 1146 4030 coos.
1169 3966 1200 4016 Oa

113 4049 172 4152 pop.
186 4041 238 4090 276
256 4039 267 4102 ΙΙ
292 4042 392 4087 33-26
413 4029 566 4103 adquiritur
584 4054 618 4090 000
635 4040 791 4104 adquirisur
808 4044 952 4090 correctum
973 4037 1002 4090 01
1024 4036 1034 4100 ΙΙ
1055 4040 1086 4084 444
1105 4049 1200 4086 usum-

117 4104 232 4158 fructum
246 4107 273 4170 0,
288 4120 368 4158 30334
381 4107 498 4159 44304334
512 4109 555 4158 304
569 4122 649 4159 30343
660 4110 721 4162 14404
737 4108 747 4172 ΙΙ
761 4113 792 4158 67
807 4108 888 4158 habet
897 4121 931 4158 00
943 4106 1044 4156 habent
1056 4109 1201 4156 correctum

119 4173 159 4239 044
170 4181 202 4227 46
216 4176 367 4242 possessor]
386 4177 452 4241 00444.
470 4176 500 4227 04
509 4191 571 4242 pop.
583 4182 633 4233 264
646 4177 692 4240 inf.
708 4176 719 4240 44
731 4191 815 4228 causa
829 4177 967 4236 00000400,
986 4187 1068 4225 causa
1086 4173 1138 4224 0443
1154 4171 1197 4223 04.
