2908 4764
38 549 91 610 qno
105 530 183 591 coni.
205 530 241 590 0⁸
263 549 336 610 pag.
355 550 423 591 xxnr
439 531 515 612 seq.)
532 529 728 593 secernenda
745 539 823 610 erat,
850 531 935 593 hunc
949 539 1022 592 nota
1040 530 1076 590 0²
1099 529 1219 593 distin-

38 617 140 678 ximus.
179 616 260 678 Nota
277 617 316 676 θ’ὶ
340 616 591 697 significauimus
614 618 801 698 scripturam
824 615 858 678 in
876 618 899 677 G
919 635 983 678 non
1006 616 1110 696 plenis
1132 617 1218 678 inte-

40 703 154 783 grisque
177 703 295 764 litteris
318 701 463 765 omnibus
485 703 694 783 perscriptam
717 702 774 765 sed
789 721 963 782 perunum
979 703 1115 783 pluraue
1131 722 1216 765 com-

39 788 142 868 pendia
156 789 445 869 tachygraphorum
460 789 653 851 notariorum
668 807 753 850 more
770 808 955 870 expressam
964 789 1017 872 ²⁰).
1052 788 1103 850 0²¹¹
1119 790 1218 870 igitur

41 874 180 954 significat
202 875 403 954 scripturam,
431 894 513 956 quae
535 895 553 936 a
571 875 608 936 02
630 876 674 937 ita
696 874 837 955 proiecta
853 884 912 954 est,
938 883 975 936 ut
990 876 1059 955 ipse
1078 873 1115 935 0²
1134 877 1165 957 (i.
1185 895 1213 937 e.

40 959 142 1022 codicis
164 961 359 1022 Veronensis
373 970 529 1023 corrector
543 961 646 1043 uetus)
668 960 854 1042 compendio
870 961 1043 1041 scripturae
1059 961 1127 1023 siue
1143 972 1216 1023 nota

42 1046 174 1108 sollemni
202 1055 359 1108 uteretur.
412 1047 544 1127 Signum
574 1047 829 1128 interrogationis
859 1049 893 1108 in
922 1055 1077 1127 apparatu
1106 1045 1216 1110 critico

40 1131 114 1194 idem
142 1131 325 1214 significare
352 1133 512 1196 noluimus
539 1143 634 1214 atque
669 1141 725 1195 »ot
753 1133 914 1212 uidetur«,
952 1135 998 1194 sic
1026 1132 1066 1194 ad
1095 1152 1167 1214 pag.
1195 1135 1214 1194 3

39 1237 113 1281 uers.
131 1220 172 1280 i8
195 1219 255 1280 hoe
276 1219 402 1298 signum
425 1218 545 1282 indicat
567 1238 630 1281 non
652 1237 783 1300 prorsus
813 1227 899 1282 certo
927 1219 990 1280 dici
1021 1221 1169 1299 possein
1194 1220 1218 1280 0

40 1305 106 1366 nihil
137 1305 202 1367 nisi
229 1306 257 1366 e't
292 1302 364 1384 (non
393 1304 502 1367 addita
531 1306 662 1384 lineola,
683 1323 757 1385 .qua
787 1305 1009 1387 compendium
1040 1305 1216 1386 scripturae

40 1389 230 1473 indicaretur)
247 1391 401 1471 extitisse,
415 1391 519 1454 uideri
534 1402 639 1454 tamen
654 1391 734 1453 nihil
749 1392 812 1452 nisi
828 1401 857 1454 et
870 1391 915 1454 ibi
931 1392 1085 1471 scriptum
1102 1391 1214 1454 fnisse.

111 1478 259 1558 Denique
281 1477 314 1538 in
336 1487 491 1558 apparatu
513 1479 620 1540 critico
635 1487 762 1558 praeter
778 1477 1022 1558 discrepantiam
1039 1479 1216 1558 scripturae

39 1561 101 1624 libri
132 1565 155 1624 G
186 1573 218 1625 et
246 1564 377 1625 selectas
407 1565 547 1626 uirorum
583 1563 745 1626 doctorum
776 1565 972 1626 coniecturas
1001 1564 1216 1644 congessimus

39 1649 169 1729 plenius,
204 1667 300 1728 quam
323 1667 341 1709 a
363 1649 523 1730 prioribus
555 1650 731 1713 editoribus
753 1648 871 1712 iactum
901 1659 965 1728 est,
999 1648 1215 1711 subsidiorum

39 1735 168 1814 illorum,
203 1735 244 1797 de
275 1734 393 1814 quibus
422 1755 520 1816 supra
548 1737 581 1797 in
604 1736 699 1798 huius
721 1735 925 1816 praefationis
948 1735 1038 1797 initio
1061 1735 1211 1814 diximus,

40 1819 224 1884 lectionesa
248 1819 526 1902 Odiscrepantes3
561 1831 656 1904 atque
685 1823 813 1902 Digesta
843 1821 974 1902 quidem
1005 1820 1045 1884 ad
1068 1820 1217 1883 editionis

38 1907 302 1986 iiommsenianae,
328 1908 544 1970 Institutiones
566 1909 732 1970 iustiniani
755 1907 795 1970 ad
818 1907 966 1970 editionis
982 1907 1215 1988 Kruegerianae

40 1991 121 2055 fidem
151 1993 367 2056 laudauimns
421 1995 587 2056 Maluimus
622 2003 727 2055 autem
761 1995 870 2074 plures
900 2013 995 2074 quam
1025 1993 1071 2056 ad
1103 1993 1215 2056 Gaium

1 2117 2 2124 ι
39 2078 265 2142 emendandum
294 2099 374 2160 opus
404 2088 487 2142 esset
515 2081 660 2142 iectionis
690 2079 918 2160 discrepantias
949 2100 989 2142 ex
1016 2081 1154 2160 Digestis
1184 2090 1216 2142 et

38 2163 286 2228 institutionibus
318 2167 484 2228 iustiniani
523 2175 689 2246 excerptas
725 2166 923 2242 adscribere,
963 2175 1000 2228 ut
1034 2177 1213 2247 appareret,

39 2268 121 2330 quam
144 2252 249 2314 libere
272 2251 434 2314 interdum
457 2253 487 2314 ei
510 2255 565 2332 qui
589 2253 679 2314 iussu
701 2253 868 2314 Iustiniani
890 2253 1017 2333 Digesta
1039 2253 1217 2314 Institutio-

39 2355 125 2400 nesuc
148 2336 391 2418 componebant,
418 2339 568 2401 orationis
584 2337 720 2401 Gaianae
743 2338 874 2401 formam
890 2341 1129 2416 immutassent;
1156 2357 1216 2400 nec

38 2441 137 2501 parum
160 2423 237 2486 inde
260 2423 300 2486 ad
324 2425 419 2486 crisin
443 2433 474 2486 et
497 2425 553 2486 Gai
580 2435 612 2486 et
634 2424 799 2486 iustiniani
821 2425 1058 2486 Institutionum
1089 2444 1216 2504 promo·

38 2509 164 2572 uendam
187 2509 391 2590 proiecimus,
418 2509 503 2591 quod
525 2511 582 2572 bos
597 2512 837 2591 compilatorum
853 2511 1101 2572 iustinianorum
1117 2509 1216 2571 libros

39 2591 129 2658 denuo
161 2597 365 2658 contulimus.
422 2597 483 2670 Qui
518 2597 738 2676 compilatores
768 2595 963 2676 ubicumque
998 2604 1129 2676 propter
1163 2596 1215 2656 ius

38 2692 179 2744 nouatum
202 2682 303 2744 uerba
325 2682 444 2744 Gaiana
467 2691 521 2745 aut
544 2682 715 2745 omittendo
738 2691 792 2744 aut
813 2681 960 2744 addendo
983 2691 1038 2743 aut
1060 2681 1121 2744 alia
1136 2680 1215 2743 sub-

38 2767 190 2830 stituendo
212 2777 428 2846 mutauerunt,
455 2768 489 2830 id
512 2787 611 2849 genus
634 2768 866 2850 discrepantiae
889 2769 923 2830 in
945 2776 1133 2848 apparatum
1152 2769 1215 2829 cri-

37 2852 123 2915 ticum
147 2854 216 2916 iere
240 2873 302 2915 non
325 2855 521 2934 recepimus;
557 2873 617 2916 nec
645 2855 745 2934 magis
775 2855 1015 2933 adnotauimus,
1048 2853 1151 2916 sicubi
1181 2855 1214 2914 in

1 2975 2 2998 ι
37 2940 149 3016 periodi
173 2940 310 3002 alicuius
333 2959 374 3002 ex
389 2941 516 3002 Gaianis
538 2939 793 3003 institutionibus
814 2941 1018 3022 depromptae
1034 2941 1124 3003 initio
1140 2959 1217 3020 par-

1 3023 2 3046 *
37 3023 140 3088 ticulae
165 3027 366 3107 copulatiuae
388 3025 428 3088 ab
451 3027 634 3089 Iustinianis
655 3036 786 3108 propter
808 3027 1036 3089 sententiarum
1059 3045 1215 3088 conexum

1 3187 2 3194 ,
35 3121 165 3174 mutatae
187 3121 275 3174 sunt.
315 3113 394 3174 Raro
417 3120 574 3174 mutatum
601 3114 634 3174 in
656 3113 823 3176 Iustiniani
852 3111 1109 3176 Institutionibus
1138 3132 1216 3174 uer-

1 3199 2 3276 }
35 3194 137 3260 borum
161 3198 308 3260 ordinem
330 3217 394 3260 non
418 3200 627 3278 enotauimus,
651 3199 709 3262 ubi
732 3200 1010 3280 transpositionem
1025 3200 1113 3260 illam
1128 3199 1215 3260 arbi-

1 3301 2 3354 ι
36 3284 88 3344 trio
116 3285 358 3366 compilatorum
388 3285 634 3346 Iustinianorum
669 3284 780 3347 deberi
820 3284 856 3366 (e.
882 3305 911 3366 g.
947 3303 988 3346 ex
1014 3285 1215 3366 Digestorum

35 3369 270 3451 comparatione)
294 3379 379 3433 certo
401 3379 543 3451 apparet.
583 3369 687 3452 Atque
709 3372 763 3434 uei
785 3373 884 3452 magis
899 3371 1062 3452 Epitomae
1079 3370 1216 3434 Gaianae

35 3453 179 3520 lectiones
201 3478 219 3518 a
242 3455 350 3518 codice
368 3457 391 3517 G
412 3457 629 3538 discrepantes
652 3458 777 3520 silentio
792 3457 1093 3538 praetermittendae
1109 3467 1210 3519 erant.

112 3544 147 3604 ln
169 3543 388 3622 superiore
411 3542 648 3606 adnotationum
670 3545 836 3623 laterculo,
863 3543 896 3605 id
920 3551 968 3606 est
990 3544 1074 3606 inter
1096 3543 1215 3606 uerbo-

33 3679 176 3690 —.—

93 3749 136 3811 to)
157 3750 291 3801 Notarum
309 3761 375 3800 usus
394 3751 523 3814 ingenioli
541 3749 585 3800 uel
604 3751 751 3801 mediocris
769 3753 820 3813 est,
841 3751 1039 3801 exercitationis
1052 3753 1143 3801 mmen
1156 3764 1215 3800 ma-

1 3831 2 3886 r
33 3817 122 3870 rimae.
160 3820 255 3884 itaque
280 3821 409 3883 quonim
433 3832 489 3868 non
514 3832 624 3880 omnes,
650 3821 697 3884 qui
722 3819 775 3870 hac
799 3819 920 3870 editione
942 3822 1062 3882 utentur,
1089 3833 1215 3882 magnam

33 3951 80 4005 lere
98 3959 256 4008 constanter
273 3969 324 4022 pro
342 3957 408 4021 ipsis
426 3956 530 4008 codicis
546 3956 566 4008 C
583 3958 654 4008 notis
671 3957 769 4008 harum
788 3957 996 4023 explicationem
1014 3957 1141 4008 dedimus
1154 3957 1215 4016 (ad-

33 4022 81 4074 dito
98 4028 130 4076 ut
147 4040 196 4091 par
214 4031 255 4078 est
272 4025 306 4076 Cn
328 4025 364 4090 [id
382 4029 423 4076 est
443 4025 676 4090 repercuteret]
697 4025 795 4091 signo).
827 4028 1003 4078 Accusatiora
1021 4026 1055 4076 de
1072 4027 1114 4076 his
1126 4026 1215 4088 scrip-

31 4095 313 4226 1lippae,5c30—11-1pppdiis,
341 4095 440 4158 quibus
462 4093 533 4145 iiber
554 4094 573 4146 C
595 4093 731 4159 abundat,
758 4097 804 4161 qui
829 4097 899 4146 scire
921 4095 1009 4158 uolet,
1036 4096 1060 4145 is
1084 4094 1163 4144 adeat
1183 4091 1215 4142 C*

34 3884 100 3936 illam
118 3891 246 3938 notarum
265 3887 438 3938 sollemnium
458 3889 564 3951 copiam
583 3889 715 3938 memoria
734 3887 879 3948 tenebunt,
908 3890 936 3938 in
960 3892 1093 3954 apparatu
1117 3889 1212 3938 critico
1313 3945 1315 3950 ¹
