2908 4764
293 314 518 381 mmmm
687 313 988 376 -ffi-

295 512 360 582 004,
389 512 425 566 04
455 504 566 566 liceret
594 502 743 566 creditori
772 504 890 584 pignus
919 500 1076 578 uendere,
1105 502 1132 563 si
1155 501 1294 582 pecunie
1316 519 1377 562 non

294 589 447 652 soluetur.

385 674 425 757 [i.
442 675 473 736 i.
499 693 536 736 00
560 693 690 737 0000040
713 693 752 736 in
773 693 892 748 4000040
915 693 933 734 n
955 692 987 734 sn
1009 691 1151 736 04400400
1175 669 1332 752 reserum]
1384 675 1439 745 000,

229 762 269 822 80
380 762 472 823 Νο00
493 760 685 823 admonendi
709 779 819 824 sumus
840 777 946 839 neque
969 759 1118 822 feminum
1141 777 1246 838 neque
1269 753 1378 838 pupii-

294 847 360 908 lum
383 848 453 909 sine
476 848 590 910 tutoris
612 847 796 910 auctoritate
820 865 886 908 rem
909 845 1060 926 mancipii
1092 845 1230 908 alienare
1261 855 1403 924 possc;t

293 951 354 994 000
375 933 525 1014 mancipii
552 951 628 996 uero
656 933 805 995 feminam
835 930 965 1012 quidem
992 949 1098 1012 posse,
1128 931 1290 1012 pupillum
1316 947 1375 990 non

229 1021 265 1082 84
294 1037 397 1100 posse.
436 1018 572 1099 Ideoque
595 1021 623 1082 si
646 1017 773 1100 quando
796 1019 911 1080 mulier
933 1025 1073 1080 mutuam
1093 1018 1261 1097 pecuniam
1284 1015 1377 1078 elicui

293 1106 362 1168 sine
384 1107 497 1168 tutoris
527 1106 710 1168 auctoritate
741 1104 878 1183 dederit,
912 1105 987 1184 quia
1017 1101 1092 1165 iacit
1121 1122 1189 1165 cem
1218 1102 1378 1183 accipien-

174 1191 183 1210 ¹
294 1191 346 1270 tis,
372 1210 444 1254 cum
474 1191 595 1254 scilicet
620 1193 758 1272 pecunia
787 1209 838 1252 res
866 1209 926 1252 nec
955 1189 1107 1270 mancipii
1133 1191 1191 1268 sit,
1222 1188 1377 1250 contrahit

222 1280 269 1344 es
293 1277 524 1358 obligationem.
580 1277 620 1340 At
653 1279 681 1340 si
714 1277 857 1358 pupillus
891 1275 976 1338 idem
1010 1275 1137 1351 iecerit,
1170 1271 1175 1360 1
1206 1275 1283 1354 quie
1316 1291 1376 1334 non
1392 1283 1415 1328 44

290 1363 370 1446 facit
391 1363 569 1444 accipientis
591 1383 606 1426 s
867 1411 874 1442 ,
900 1363 1020 1424 nullam
1040 1357 1045 1446 1
1065 1361 1225 1424 contrahit
1254 1360 1377 1440 oblige-

293 1449 425 1526 ticnem3
467 1447 553 1511 unde
587 1450 731 1531 pupillus
764 1449 929 1512 uindicare
963 1447 1091 1528 quidem
1125 1465 1270 1508 nummos
1305 1465 1375 1508 suos
1444 1519 1446 1528 Α

293 1543 413 1616 004004,
447 1534 548 1597 sicubi
579 1544 704 1615 extent,
736 1534 770 1598 id
800 1531 804 1619 Ι
836 1542 884 1596 004
912 1552 963 1596 000
991 1543 1102 1615 004000
1133 1551 1206 1595 suos
1236 1550 1281 1594 000
1309 1533 1376 1594 4000

293 1622 464 1694 Quiritium
488 1639 552 1683 esse
893 1617 896 1704 1
1286 1637 1376 1698 repe-

291 1716 361 1770 tere
394 1716 498 1788 potest
528 1727 544 1769 s
839 1703 924 1791 14000.
971 1703 1055 1766 uode
1084 1704 1125 1767 de
1152 1705 1278 1784 pupillo
1306 1704 1375 1784 qui·
1392 1714 1417 1760 44

207 1837 226 1864 ‚·
292 1793 365 1857 dem
395 1794 560 1874 quaeritur
587 1808 628 1855 en
658 1789 935 1876 num—l-—qnor
965 1799 1093 1853 mutuos
1122 1789 1227 1869 dedit,
1269 1789 1313 1852 ab
1342 1808 1375 1851 00

221 1923 226 1932 .
292 1879 348 1960 qui
370 1880 497 1960 accepit,
745 1875 749 1962 1
1005 1880 1127 1939 0044000
1149 1895 1202 1938 000
1224 1876 1376 1957 persequi

227 1968 266 2028 83
291 1965 401 2046 possit,
425 1967 574 2044 quoniam
586 1963 1161 2048 -1--------
1172 1971 1290 2043 pctest.
1338 1958 1376 2022 At

292 2070 333 2112 ex
355 2052 512 2114 contrario
539 2047 544 2135 1
569 2067 671 2112 omnes
693 2069 744 2112 000
775 2058 836 2112 tom
865 2051 1012 2131 mancipii
1031 2065 1122 2130 quom
1143 2067 1204 2110 nec
1224 2048 1375 2129 mancipii
1392 2055 1417 2101 44

292 2137 478 2200 mulieribus
501 2136 513 2218 11
535 2146 568 2198 04
590 2135 723 2217 00044440
746 2137 813 2197 0400
843 2137 955 2198 tutoris
981 2136 1166 2198 auctoritate
1194 2134 1274 2196 solui
1304 2083 1446 2224 000-0441

361 2314 419 2381 §so
438 2317 497 2368 inu.
516 2313 572 2366 rere
590 2335 622 2359 ε
641 2315 706 2368 inst.
722 2318 747 2376 0,
763 2317 818 2376 ce
841 2310 852 2381 1
873 2312 925 2378 §ct
956 2313 1015 2368 inu.
1039 2317 1067 2363 et
1091 2312 1104 2378 0
1124 2315 1156 2362 00
1179 2313 1238 2364 inu.
1262 2310 1321 2364 iere
1346 2332 1376 2356 .

292 2385 356 2438 lust.
370 2389 396 2448 4,
412 2389 467 2448 8,4
487 2385 499 2452 11
517 2383 575 2450 §8³
595 2383 654 2438 init.
672 2382 743 2436 0004.
764 2385 828 2435 lust.
844 2387 869 2446 2,
885 2386 910 2444 8,
925 2386 951 2434 i.

362 2553 376 2597 t
395 2548 462 2598 4000
478 2549 612 2600 rubricam
633 2547 708 2611 (0001.
731 2547 763 2600 0ι
777 2559 840 2610 000.
854 2551 904 2598 299
922 2559 993 2596 0000.
1007 2546 1048 2602 iii
1072 2545 1222 2607 00404004
1245 2557 1298 2606 quc
1321 2547 1377 2594 iure

290 2616 382 2679 feccrit
400 2618 524 2668 librarios
545 2615 607 2680 (0¹),
631 2619 682 2667 dici
699 2618 800 2679 nequit,
827 2617 888 2678 quio
904 2616 1020 2682 retiquae
1034 2615 1172 2677 0004004404
1193 2609 1204 2679 11
1226 2614 1241 2660 9
1261 2613 1375 2676 pecunie
1444 2583 1446 2662 1

291 2685 423 2745 Huschke,
444 2699 476 2736 ea
494 2687 630 2751 00000404
652 2685 671 2736 G
691 2682 702 2753 11
728 2688 754 2735 44
782 2685 959 2746 supplemento
979 2691 1022 2746 100
1042 2683 1104 2732 4004.
1126 2681 1376 2742 concupiceret
1444 2669 1446 2800 1

291 2759 365 2814 sont,
386 2755 453 2818 0001.
476 2753 508 2804 ce
526 2760 550 2805 et
570 2753 626 2819 Q
650 2757 777 2804 sententia
801 2755 892 2803 0004404
914 2757 944 2802 ot
960 2765 1094 2802 0000004400
1117 2751 1180 2800 4000
1197 2751 1285 2812 atiquo
1303 2751 1376 2800 40040

291 2825 451 2884 expressisse
472 2823 581 2874 Gaium:
606 2824 670 2887 quie
688 2822 833 2887 pecuniam
852 2821 929 2884 (0001.
949 2821 1025 2880 inst.)
1049 2833 1103 2871 non
1128 2818 1191 2869 40044
1207 2819 1376 2883 vaccipientis
1444 2861 1446 2880 ,

294 2892 361 2954 (0400
384 2893 484 2941 4040040
507 2892 677 2952 auctoritate)
700 2889 710 2957 11
735 2894 765 2938 ts
783 2889 924 2940 uindicare
949 2889 1072 2953 00140100
1094 2886 1120 2948 0,
1149 2887 1261 2952 quidem
1283 2887 1376 2937 04004-

291 2955 353 3010 04400
366 2961 495 3023 limpor,
515 2960 582 3023 0001.
598 2973 664 3023 quac
678 2960 760 3022 00040
777 2959 850 3021 infra
863 2959 897 3008 oti
910 2961 1010 3010 43-48
1029 2951 1253 3023 00004040000411
1271 2957 1305 3005 iii
1325 2955 1377 3018 0100
1445 3007 1446 3010 ,

291 3027 409 3092 01040004
435 3027 469 3088 G,
492 3042 544 3090 000
568 3041 617 3092 000
640 3027 782 3078 4040000οθ
806 3028 915 3077 uerbum
938 3029 1093 3078 sententiam
1117 3025 1260 3088 simplicius
1283 3027 1377 3087 040044-

290 3101 371 3147 merct
392 3093 403 3160 11
427 3099 527 3146 43-48
555 3098 601 3147 boc
623 3096 680 3160 4000
705 3097 780 3146 modo
807 3097 842 3145 04
868 3098 1022 3146 sententiam
1047 3095 1172 3158 ruppiert.
1186 3105 1264 3155 00000
1288 3095 1377 3144 14000-

289 3178 352 3229 0000
374 3167 512 3216 cruentior:
537 3165 714 3218 40004000
738 3167 841 3230 petere
863 3177 931 3216 0000
955 3178 989 3215 cor
1011 3163 1080 3215 iure
1101 3162 1275 3223 Quiritium
1301 3175 1374 3223 0000;
1445 3167 1446 3170 ’

290 3235 395 3285 mulier
414 3248 479 3284 uero
498 3235 610 3286 minime
628 3235 681 3284 hoc
700 3233 783 3285 modo
801 3235 944 3294 repetere
961 3235 1076 3295 004004,
1101 3233 1153 3284 000
1170 3233 1222 3283 itu:
1242 3231 1306 3282 dari
1325 3229 1376 3283 sibi
1445 3283 1446 3288 1

292 3301 1377 3442 tittt‘tiniiiniiiiiiitiibioiiii‘inziiiiiiii}

290 3443 418 3504 0000044,
430 3442 584 3508 consumpti
599 3439 604 3509 1
619 3444 692 3503 0004,
706 3441 800 3506 eliqua
812 3441 937 3492 actione
949 3453 1002 3492 000
1014 3440 1163 3502 persequi
1173 3437 1287 3502 000044,
1299 3451 1376 3500 quc·

289 3509 376 3562 niam
389 3510 580 3576 obligationem
594 3512 677 3562 etiem
689 3514 748 3562 0400
760 3511 857 3562 4040040
869 3510 1030 3560 auctoritato
1042 3509 1187 3573 adquirere
1196 3508 1244 3558 sibi
1252 3509 1375 3569 potem

290 3579 454 3650 4400004000Ι
466 3581 512 3631 boc
527 3583 614 3644 004400
632 3582 722 3631 mocio:
740 3578 775 3630 40
793 3582 841 3631 004
859 3591 908 3630 000
925 3581 1029 3643 petere
1047 3591 1116 3630 0000
1134 3591 1168 3628 eor
1185 3575 1255 3628 iur'e
1269 3576 1376 3636 Quiri·

289 3648 371 3699 tium
389 3661 458 3711 0000,
478 3663 559 3712 oeque
576 3654 662 3700 404000
680 3653 769 3700 stricto
781 3649 843 3700 iore
855 3651 964 3709 petere
975 3650 1082 3709 004004
1093 3645 1147 3698 eibi
1160 3645 1280 3696 0000004
1293 3659 1377 3710 opor-

288 3719 366 3768 4000.
408 3717 487 3768 0000
509 3718 548 3769 00
572 3718 694 3782 pupillo
718 3717 847 3780 quidem
875 3717 1048 3779 quaeritur,
1077 3729 1119 3768 cn
1145 3715 1278 3766 nummis
1300 3725 1377 3776 quos

289 3788 417 3838 mutuos
435 3785 523 3838 00044
541 3787 582 3837 eb
600 3800 637 3840 ec
656 3787 711 3850 qui
735 3787 854 3849 0000044
877 3787 1047 3850 consumptis
1072 3785 1147 3836 ciuili
1169 3783 1297 3835 0044000
1322 3793 1377 3835 000
1445 3811 1446 3816 1

288 3855 437 3917 persequi
460 3855 575 3916 000014,
597 3857 747 3918 quoniam
769 3857 828 3908 0004
852 3867 900 3906 000
924 3854 976 3905 sibi
1000 3857 1126 3920 oportere
1149 3852 1293 3904 intendere
1317 3863 1377 3902 non
1445 3897 1446 3900 ,

288 3927 409 3987 potem
425 3924 501 3987 (0004.
517 3929 602 3976 tomen
616 3923 647 3975 04
664 3929 689 3976 04
703 3921 781 3992 0011
802 3929 833 3974 it
848 3924 956 3988 accepit
970 3922 1108 3984 00000400,
1122 3922 1222 3987 0004044
1236 3921 1256 3974 O
1271 3917 1283 3989 11
1302 3925 1335 3972 ⁴8
1349 3923 1378 3972 04

289 3994 361 4056 icet,
382 3997 409 4045 04
423 3992 443 4043 G
457 3989 468 4059 11
485 3995 516 4042 49
536 4005 631 4044 omnes
650 4005 694 4044 res
711 3996 767 4044 tem
786 3992 914 4057 mancipii
932 4004 1013 4056 quem
1025 3993 1065 4055 ¹ud
1086 3991 1226 4044 Gocecbeni
1242 3993 1376 4042 00040040-

288 4077 349 4113 0040
366 4069 391 4115 04
408 4064 442 4114 cci
455 4062 517 4111 4004.
531 4067 558 4124 2,
572 4067 597 4122 8,
611 4067 638 4122 2,
658 4074 710 4112 000
722 4063 756 4113 ad
772 4062 792 4114 G
808 4063 1012 4126 suppletum—cst
1028 4057 1038 4128 11
1056 4063 1087 4110 it
1105 4059 1216 4125 pupillis
1231 4058 1374 4120 00000400,
1445 4127 1446 4130 ¹

289 4131 384 4196 0004444
399 4128 439 4199 011
456 4133 514 4182 0400
527 4131 625 4182 4040040
638 4131 798 4182 auctoritate
810 4132 884 4192 icet,
905 4130 949 4194 ip
962 4132 973 4180 t
985 4131 1001 4181 4
1015 4127 1042 4189 0,
1063 4129 1130 4192 0001.
1149 4128 1181 4181 0⁸
1190 4139 1251 4191 000.
1261 4131 1316 4180 505
1328 4127 1376 4190 404.
1444 4181 1446 4204 ἐ
