2908 4764
295 340 501 406 444444-444
610 385 612 390 ,
689 375 774 387 -.
818 341 859 403 94
902 375 988 393 ...-

296 531 382 592 enim
404 531 551 609 interest,
583 539 690 592 utrum
714 530 851 610 legatum
875 529 951 592 dare
975 531 1123 593 iubeatur
1144 531 1247 607 heres,
1281 534 1309 592 si
1333 532 1383 594 ie-

296 621 374 678 cerit
396 615 519 696 aliquid
541 624 595 677 aut
617 635 680 676 non
704 613 824 692 lecerit,
851 634 890 676 an
914 617 1042 678 coheres
1065 619 1095 678 ei
1111 617 1276 696 adiciatur,
1305 619 1381 697 quia

296 713 359 764 tam
388 701 550 764 coheredis
581 700 755 763 adiectione
787 720 881 781 quam
908 702 1001 784 legati
1026 702 1151 765 datione
1175 703 1380 782 conpellitur,

295 799 332 851 ut
354 787 476 868 aliquid
498 797 605 850 contra
628 788 824 869 propositum
847 807 939 850 suum
963 789 1057 851 faciat
1079 800 1133 852 aut
1155 807 1218 850 non
1241 789 1346 850 faciat,

211 875 271 937 444
381 874 431 936 An
454 876 483 936 ei
507 874 561 953 qui
585 875 617 934 in
642 881 796 954 potestate
819 874 861 934 sit
877 875 946 936 eius
962 893 1056 954 quem
1071 875 1219 936 heredem
1237 875 1410 936 institui-5

295 979 375 1038 mus,
403 969 486 1022 44444
509 961 648 1042 locemus
671 961 848 1039 quaeritur.
890 961 1022 1022 Seruius
1045 971 1129 1024 recte
1152 962 1251 1042 legari
1274 970 1379 1040 putat,

295 1045 351 1109 sed
382 1065 573 1108 euanescere
603 1046 756 1126 legatum,
791 1046 817 1107 si
846 1065 909 1125 quo
936 1055 1076 1127 tempore
1104 1047 1173 1109 dies
1203 1048 1381 1127 legatorum
1443 1119 1444 1124 ¹

295 1131 408 1194 cedere
431 1133 521 1210 solet,
547 1131 680 1194 adhuc
672 1151 705 1193 m
728 1139 878 1212 potestate
900 1133 957 1208 sit;
984 1132 1118 1212 ideoque
1141 1133 1211 1212 siue
1233 1152 1313 1213 pure
1331 1134 1382 1194 le-

294 1228 401 1298 gaium
431 1219 472 1280 sit
459 1227 532 1280 tet
561 1219 636 1280 uiuo
667 1227 816 1280 testatore
842 1221 875 1279 in
897 1226 1054 1300 potestate
1076 1219 1205 1280 heredis
1228 1237 1298 1280 esse
1321 1219 1381 1281 de·
1442 1255 1444 1304 i

295 1307 393 1380 sierit,
420 1305 489 1366 siue
512 1303 573 1365 sub
595 1303 778 1365 condicione
799 1313 918 1366 etanta
934 1304 1149 1366 condicionem
1166 1304 1197 1365 id
1214 1304 1377 1382 acciderit,
1396 1315 1444 1365 44

294 1390 405 1452 deberi
427 1392 576 1471 legatum.
619 1391 755 1452 Sabinus
785 1400 817 1452 et
840 1390 965 1452 Cassius
996 1391 1057 1452 sub
1085 1391 1268 1452 condicione
1292 1401 1379 1452 44444
1443 1409 1444 1446 1

294 1477 410 1558 legari,
444 1495 525 1557 pure
548 1495 610 1537 non
634 1485 735 1554 recte,
761 1485 892 1556 putant3
927 1477 1000 1537 licet
1023 1477 1109 1538 enim
1132 1477 1207 1538 uiuo
1230 1485 1379 1538 testatore
1443 1533 1444 1554 2

293 1564 392 1644 possit
423 1562 570 1624 desinere
601 1563 633 1623 in
655 1570 810 1643 potestate
833 1560 959 1624 heredis
981 1581 1068 1642 esse,
1104 1562 1175 1624 ideo
1197 1572 1304 1623 tamen
1328 1563 1380 1624 in-

294 1650 372 1710 utile
401 1649 539 1730 legatum
570 1649 712 1729 intellegi
728 1657 901 1748 oportere,
940 1650 1015 1728 quia
1046 1648 1130 1728 quod
1159 1649 1263 1710 nullas
1291 1649 1379 1710 uires

293 1735 472 1798 habiturum
496 1733 585 1813 foret,
613 1735 640 1794 si
663 1742 724 1795 stat
725 1735 768 1794 im
792 1743 863 1814 post
885 1743 1109 1796 testamentum
1132 1733 1247 1797 iactum
1267 1733 1379 1796 deces-
1396 1751 1421 1794 44

293 1823 388 1883 sisset
409 1829 549 1898 testator,
574 1821 632 1882 hoc
654 1819 725 1881 ideo
741 1820 861 1898 ualere,
887 1821 961 1900 quia
975 1821 1074 1882 citam
1090 1822 1214 1902 longius
1230 1822 1375 1900 traxerit,

294 1906 468 1970 absurdum
491 1913 585 1968 44444.
564 1905 682 1968 ised
704 1903 716 1988 Η
740 1905 886 1968 diuersae
914 1907 1042 1969 scholae
1069 1917 1212 1969 auctores
1234 1926 1294 1968 nec
1317 1867 1444 1982 subpgll

294 1991 477 2054 condicione
509 2002 593 2053 recte
623 1993 738 2072 legari,
773 1993 848 2071 quia
874 2010 952 2072 quos
975 1994 1008 2053 in
1031 2002 1186 2073 potestate
1209 1993 1373 2072 habemus,
1442 1991 1444 2064 4

295 2079 341 2140 444
363 2097 426 2138 non
450 2077 546 2158 magis
569 2077 629 2139 suh
652 2076 837 2140 condicione
854 2097 949 2158 quam
965 2097 1045 2158 pure
1061 2078 1179 2140 debere
1193 2098 1374 2158 possumus
1443 2115 1444 2122 1

209 2165 270 2225 4444
294 2165 342 2225 Ex
365 2163 493 2225 diuerso
516 2173 636 2225 constat
658 2164 698 2226 ah
722 2183 758 2224 eo
781 2166 837 2245 qui
853 2165 886 2224 in
901 2173 1054 2244 potestate
1071 2161 1155 2247 (tua)
1173 2173 1230 2244 est,
1257 2165 1421 2226 heredem

293 2251 438 2312 instituto
469 2259 554 2311 44444
584 2251 640 2312 tibi
664 2251 780 2330 legari3
814 2249 872 2312 sed
895 2249 921 2312 si
944 2259 979 2311 tu
1001 2269 1060 2330 per
1082 2269 1155 2312 eum
1177 2251 1270 2312 heres
1293 2252 1378 2312 exti-

293 2338 386 2416 teris,
421 2355 611 2398 euanescere
634 2337 788 2418 legatum,
823 2337 898 2416 quia
921 2338 988 2416 ipse
1012 2336 1071 2398 tibi
1094 2338 1234 2417 legatum
1257 2336 1377 2399 debere
1443 2363 1444 2368 ¹

292 2443 355 2485 non
383 2424 503 2504 possis;
538 2423 565 2484 si
594 2441 672 2484 uero
703 2423 787 2484 lilius
810 2423 1026 2502 emancipatus
1048 2432 1103 2483 aut
1125 2441 1240 2484 seruus
1262 2441 1377 2485 manu-

292 2512 408 2572 missus
430 2511 491 2571 4444
512 2509 566 2570 uel
588 2511 622 2570 in
644 2510 742 2570 alium
764 2510 947 2587 4444444444,
973 2517 1004 2570 44
1026 2509 1095 2588 ipse
1117 2510 1209 2571 heres
1232 2511 1377 2571 extiterit
1442 2513 1444 2580 ἶ

292 2606 347 2658 aut
368 2597 466 2658 alium
490 2595 611 2673 lecerit,
638 2595 750 2657 deberi
772 2595 923 2675 legatum.
1392 2609 1421 2653 ae

207 2681 268 2742 246
377 2683 468 2744 Nunc
489 2691 687 2742 transeamus
710 2679 750 2742 ad
772 2679 1022 2742 fideicommissa.

190 2766 290 2828 4478
378 2770 417 2829 Et
445 2766 535 2848 prius
565 2767 605 2828 dc
627 2765 859 2828 hereditatibus
881 2765 1059 2828 uideamus
1106 2766 1255 2846 Inprimis
1278 2767 1376 2847 igitur

292 2853 459 2915 sciendum
483 2862 530 2914 est
552 2872 633 2933 opus
656 2871 744 2931 4444,
771 2861 807 2914 ut
828 2853 945 2933 aliquis
967 2852 1059 2913 heres
1081 2861 1166 2914 44444
1188 2853 1259 2914 iure
1283 2854 1374 2914 insti-

291 2948 399 3000 tuatur
421 2939 555 3018 eiusque
579 2936 655 2998 fidei
678 2939 909 3018 committatur,
939 2949 974 3000 ut
997 2957 1066 2999 eam
1088 2935 1298 3000 hereditatem
1320 2939 1374 2999 alii

291 3026 453 3101 4444444444;
488 3024 629 3103 alioquin
660 3024 773 3084 inutile
797 3034 845 3086 est
867 2985 1104 3102 testamentum,
1138 3025 1172 3084 iu
1196 3043 1258 3104 quo
1283 3043 1373 3086 nemo
1392 3035 1419 3080 44

206 3109 267 3170 ala
290 3119 374 3172 recto
398 3111 467 3171 iure
489 3111 580 3171 heres
603 3110 742 3170 instituit
730 3119 793 3170 tur
833 3111 935 3172 Verba
952 3119 1057 3170 autem
1077 3109 1188 3191 [utilia]
1211 3109 1375 3172 fideicom-

291 3197 459 3258 missorum
482 3197 558 3258 haec
585 3193 691 3277 [recte]
718 3197 854 3256 maxime
877 3195 909 3256 in
933 3215 996 3257 usu
1018 3215 1087 3256 esse
1110 3195 1263 3257 uidentur
1284 3215 1370 3276 4444,

312 3417 320 3436 ·
358 3409 433 3474 4444
454 3431 485 3453 =
504 3412 568 3462 inst.
582 3413 607 3472 4,
623 3413 654 3458 43
667 3423 708 3475 pr.
727 3409 738 3472 44
758 3406 833 3473 4447
853 3427 885 3451 =
904 3410 967 3460 lust.
981 3412 1006 3470 4,
1022 3413 1053 3458 43
1067 3421 1108 3474 pr.
1128 3409 1139 3472 11
1158 3407 1233 3473 4448
1253 3431 1284 3452 =
1304 3411 1371 3460 lnst.

266 3521 267 3525 ,
291 3481 315 3536 4,
331 3482 372 3541 44,
387 3483 401 3528 4
422 3480 433 3544 44
452 3477 528 3544 4449
548 3478 603 3530 fere
622 3499 654 3522 =
673 3481 739 3530 lnsi.
756 3480 837 3541 444,
854 3483 877 3527 3.

1318 3597 1373 3614 ΝΑΛα

358 3679 372 3723 4
391 3675 512 3738 legemus
533 3677 677 3740 (44444444,
698 3678 819 3728 locemus
840 3676 887 3739 ΟΙΙ
908 3681 921 3726 8
940 3680 1073 3742 potestate
1093 3676 1237 3736 Goerchen,
1257 3680 1318 3741 pote
1341 3677 1371 3740 C,

289 3743 356 3806 conf.
379 3743 411 3794 0²
427 3758 487 3808 pap.
500 3751 550 3800 288
567 3746 579 3808 44
599 3750 631 3796 44
651 3746 712 3796 ideo
730 3760 764 3796 ec
782 3745 879 3795 modeo
898 3747 1077 3798 correctione
1095 3747 1105 3810 41
1122 3749 1208 3797 uitam
1230 3745 1369 3806 Gocscden,

287 3814 384 3863 utitam
401 3813 420 3864 C
436 3813 448 3877 44
466 3818 496 3863 44
516 3815 624 3865 scholae
640 3815 777 3877 Gcesctcu,
794 3815 896 3864 sichole
912 3815 932 3866 0
947 3815 958 3878 ΙΙ
978 3819 1009 3864 48
1028 3819 1123 3881 putant
1132 3819 1192 3878 post
1203 3814 1285 3878 legari
1298 3815 1374 3865 addit

291 3882 419 3932 Gceschcc
436 3883 447 3946 44
465 3885 497 3932 44
516 3885 562 3933 tua
575 3884 672 3934 addidit
687 3884 816 3934 64444444
833 3883 845 3947 ΙΙ
863 3887 895 3932 46
908 3897 982 3934 nunc
996 3885 1070 3947 4444,
1092 3885 1157 3934 hinc
1172 3883 1192 3935 C
1209 3883 1219 3945 ΙΙ
1239 3887 1270 3932 44
1289 3882 1373 3934 here-

288 3950 417 4002 ditatibus
443 3951 485 4014 04,
512 3951 706 4002 hereditatibus
731 3952 992 4004 fideicommissariis
1017 3955 1078 4004 4444.
1101 3953 1112 4017 ΙΙ
1136 3957 1167 4002 48
1192 3952 1270 4002 heres
1292 3956 1373 4002 recto

287 4021 347 4070 iure
363 4019 391 4080 C,
410 4023 485 4070 recto
503 4023 563 4071 iure
574 4023 735 4072 testamento
748 4022 827 4072 heres
840 4023 900 4071 inst.
922 4021 933 4084 ΙΙ
950 4025 982 4071 43
1002 4025 1186 4072 committatur
1198 4021 1270 4080 4444,
1290 4031 1373 4070 com-

287 4088 443 4139 mittebatur
469 4087 488 4138 0
511 4089 522 4151 14
546 4093 572 4137 34
603 4092 677 4141 recto
701 4091 760 4140 iure
782 4089 815 4150 C,
841 4103 889 4140 444.
917 4091 979 4140 last.
1006 4091 1016 4154 ΙΙ
1040 4092 1117 4142 utilia
1145 4091 1176 4153 G,
1201 4103 1250 4140 om.
1275 4088 1337 4139 lust.
1363 4089 1374 4156 44

288 4161 319 4206 34
337 4160 411 4208 recte
433 4157 461 4218 G,
482 4170 531 4208 orn.
552 4158 614 4210 4444.
