<?xml version="1.0" encoding="UTF-8"?>
<!DOCTYPE html PUBLIC "-//W3C//DTD XHTML 1.0 Transitional//EN"
    "http://www.w3.org/TR/xhtml1/DTD/xhtml1-transitional.dtd">
<html xmlns="http://www.w3.org/1999/xhtml" xml:lang="en" lang="en">
 <head>
  <title>
</title>
<meta http-equiv="Content-Type" content="text/html;charset=utf-8" />
  <meta name='ocr-system' content='tesseract 3.04.00' />
  <meta name='ocr-capabilities' content='ocr_page ocr_carea ocr_par ocr_line ocrx_word'/>
</head>
<body>
  <div class='ocr_page' id='page_1' title='image "./gaiinstitvtione00kruegoog_0077.png"; bbox 0 0 2908 4764; ppageno 0'>
   <div class='ocr_carea' id='block_1_1' title="bbox 463 379 1151 444">
    <p class='ocr_par' dir='ltr' id='par_1_1' title="bbox 463 379 1151 444">
     <span class='ocr_line' id='line_1_1' title="bbox 463 379 1151 444; baseline 0.006 -19"><span class='ocrx_word' id='word_1_1' title='bbox 463 417 549 425; x_wconf 69' lang='lat'>.-</span> <span class='ocrx_word' id='word_1_2' title='bbox 592 380 634 441; x_wconf 78' lang='lat'>29</span> <span class='ocrx_word' id='word_1_3' title='bbox 677 415 764 425; x_wconf 83' lang='grc'>-.</span> <span class='ocrx_word' id='word_1_4' title='bbox 959 383 970 430; x_wconf 89' lang='lat'>1</span> <span class='ocrx_word' id='word_1_5' title='bbox 989 379 1151 444; x_wconf 76' lang='lat' dir='ltr'>§rsa-tar</span> 
     </span>
    </p>
   </div>
   <div class='ocr_carea' id='block_1_2' title="bbox 21 567 1255 2808">
    <p class='ocr_par' dir='ltr' id='par_1_2' title="bbox 86 567 1156 827">
     <span class='ocr_line' id='line_1_2' title="bbox 433 567 595 654; baseline 0 -23"><span class='ocrx_word' id='word_1_6' title='bbox 433 567 595 654; x_wconf 73' lang='lat' dir='ltr'>coemptiol</span> 
     </span>
     <span class='ocr_line' id='line_1_3' title="bbox 87 653 743 741; baseline 0 -23"><span class='ocrx_word' id='word_1_7' title='bbox 87 675 159 718; x_wconf 84' lang='lat' dir='ltr'>-a</span> <span class='ocrx_word' id='word_1_8' title='bbox 180 653 312 738; x_wconf 89' lang='lat' dir='ltr'>quidem</span> <span class='ocrx_word' id='word_1_9' title='bbox 334 672 415 732; x_wconf 89' lang='lat' dir='ltr'>quae</span> <span class='ocrx_word' id='word_1_10' title='bbox 438 653 676 741; x_wconf 73' lang='lat' dir='ltr'>coemlptionem</span> <span class='ocrx_word' id='word_1_11' title='bbox 693 656 743 718; x_wconf 85' lang='lat' dir='ltr'>tac</span> 
     </span>
     <span class='ocr_line' id='line_1_4' title="bbox 86 738 1156 827; baseline -0.001 -21"><span class='ocrx_word' id='word_1_12' title='bbox 86 743 301 806; x_wconf 85' lang='lat' dir='ltr'>-seruilem</span> <span class='ocrx_word' id='word_1_13' title='bbox 323 738 548 827; x_wconf 70' lang='lat' dir='ltr'>condicilonem</span> <span class='ocrx_word' id='word_1_14' title='bbox 570 763 1156 804; x_wconf 85' lang='lat' dir='ltr'>a-———-—-—————-—-—-</span> 
     </span>
    </p>

    <p class='ocr_par' dir='ltr' id='par_1_3' title="bbox 86 823 1255 1086">
     <span class='ocr_line' id='line_1_5' title="bbox 143 823 1155 912; baseline 0.001 -20"><span class='ocrx_word' id='word_1_15' title='bbox 143 887 145 892; x_wconf 83' lang='lat'>.</span> <span class='ocrx_word' id='word_1_16' title='bbox 365 823 416 912; x_wconf 82' lang='grc' dir='ltr'>Ι-</span> <span class='ocrx_word' id='word_1_17' title='bbox 436 831 607 909; x_wconf 87' lang='lat' dir='ltr'>mancipati</span> <span class='ocrx_word' id='word_1_18' title='bbox 634 831 873 910; x_wconf 89' lang='lat' dir='ltr'>mancipataeue</span> <span class='ocrx_word' id='word_1_19' title='bbox 899 849 1066 893; x_wconf 90' lang='lat' dir='ltr'>seruorum</span> <span class='ocrx_word' id='word_1_20' title='bbox 1087 832 1155 894; x_wconf 91' lang='lat' dir='ltr'>loco</span> 
     </span>
     <span class='ocr_line' id='line_1_6' title="bbox 87 912 1187 999; baseline 0.006 -23"><span class='ocrx_word' id='word_1_21' title='bbox 87 912 331 999; x_wconf 65' lang='lat' dir='ltr'>conistituuutur,</span> <span class='ocrx_word' id='word_1_22' title='bbox 358 915 437 978; x_wconf 91' lang='lat' dir='ltr'>adeo</span> <span class='ocrx_word' id='word_1_23' title='bbox 459 913 601 996; x_wconf 85' lang='lat' dir='ltr'>quidem,</span> <span class='ocrx_word' id='word_1_24' title='bbox 626 924 664 976; x_wconf 92' lang='lat' dir='ltr'>ut</span> <span class='ocrx_word' id='word_1_25' title='bbox 685 916 725 977; x_wconf 93' lang='lat' dir='ltr'>ab</span> <span class='ocrx_word' id='word_1_26' title='bbox 748 935 785 977; x_wconf 91' lang='lat' dir='ltr'>eo</span> <span class='ocrx_word' id='word_1_27' title='bbox 807 917 901 979; x_wconf 90' lang='lat' dir='ltr'>cuins</span> <span class='ocrx_word' id='word_1_28' title='bbox 916 917 950 978; x_wconf 95' lang='lat' dir='ltr'>in</span> <span class='ocrx_word' id='word_1_29' title='bbox 966 919 1123 999; x_wconf 90' lang='lat' dir='ltr'>mancipio</span> <span class='ocrx_word' id='word_1_30' title='bbox 1145 917 1187 988; x_wconf 75' lang='lat'>13⁵</span> 
     </span>
     <span class='ocr_line' id='line_1_7' title="bbox 86 992 1255 1086; baseline -0.003 -24"><span class='ocrx_word' id='word_1_31' title='bbox 86 1010 156 1081; x_wconf 85' lang='lat' dir='ltr'>sunt,</span> <span class='ocrx_word' id='word_1_32' title='bbox 180 1019 287 1078; x_wconf 89' lang='lat' dir='ltr'>neque</span> <span class='ocrx_word' id='word_1_33' title='bbox 310 1001 516 1064; x_wconf 72' lang='lat' dir='ltr'>hereditatem</span> <span class='ocrx_word' id='word_1_34' title='bbox 536 1019 643 1082; x_wconf 89' lang='lat' dir='ltr'>neque</span> <span class='ocrx_word' id='word_1_35' title='bbox 658 1002 762 1082; x_wconf 81' lang='lat' dir='ltr'>legata</span> <span class='ocrx_word' id='word_1_36' title='bbox 784 1003 877 1064; x_wconf 88' lang='lat' dir='ltr'>aliter</span> <span class='ocrx_word' id='word_1_37' title='bbox 891 1023 1003 1084; x_wconf 90' lang='lat' dir='ltr'>capere</span> <span class='ocrx_word' id='word_1_38' title='bbox 1018 992 1255 1086; x_wconf 66' lang='lat' dir='ltr'>possinthagsa</span> 
     </span>
    </p>

    <p class='ocr_par' dir='ltr' id='par_1_4' title="bbox 21 1071 1150 1172">
     <span class='ocr_line' id='line_1_8' title="bbox 21 1071 1150 1172; baseline 0.003 -23"><span class='ocrx_word' id='word_1_39' title='bbox 21 1071 23 1150; x_wconf 90' lang='grc' dir='ltr'>Ι</span> <span class='ocrx_word' id='word_1_40' title='bbox 86 1105 169 1168; x_wconf 90' lang='lat' dir='ltr'>quam</span> <span class='ocrx_word' id='word_1_41' title='bbox 190 1082 253 1172; x_wconf 81' lang='lat' dir='ltr'>(si)</span> <span class='ocrx_word' id='word_1_42' title='bbox 276 1088 372 1150; x_wconf 91' lang='lat' dir='ltr'>simul</span> <span class='ocrx_word' id='word_1_43' title='bbox 402 1087 512 1150; x_wconf 90' lang='lat' dir='ltr'>eodem</span> <span class='ocrx_word' id='word_1_44' title='bbox 541 1096 730 1150; x_wconf 88' lang='lat' dir='ltr'>testamento</span> <span class='ocrx_word' id='word_1_45' title='bbox 756 1087 852 1150; x_wconf 90' lang='lat' dir='ltr'>liberi</span> <span class='ocrx_word' id='word_1_46' title='bbox 874 1109 945 1152; x_wconf 90' lang='lat' dir='ltr'>esse</span> <span class='ocrx_word' id='word_1_47' title='bbox 967 1090 1150 1170; x_wconf 83' lang='lat' dir='ltr'>iubeantur,</span> 
     </span>
    </p>

    <p class='ocr_par' dir='ltr' id='par_1_5' title="bbox 21 1174 1153 1254">
     <span class='ocr_line' id='line_1_9' title="bbox 21 1174 1153 1254; baseline 0.004 -20"><span class='ocrx_word' id='word_1_48' title='bbox 21 1175 23 1214; x_wconf 69' lang='lat' dir='ltr'>l</span> <span class='ocrx_word' id='word_1_49' title='bbox 85 1175 153 1236; x_wconf 87' lang='lat' dir='ltr'>sicut</span> <span class='ocrx_word' id='word_1_50' title='bbox 175 1176 256 1238; x_wconf 80' lang='lat' dir='ltr'>iuris</span> <span class='ocrx_word' id='word_1_51' title='bbox 279 1183 327 1235; x_wconf 92' lang='lat' dir='ltr'>est</span> <span class='ocrx_word' id='word_1_52' title='bbox 349 1177 383 1235; x_wconf 90' lang='lat' dir='ltr'>in</span> <span class='ocrx_word' id='word_1_53' title='bbox 405 1193 540 1254; x_wconf 89' lang='lat' dir='ltr'>persona</span> <span class='ocrx_word' id='word_1_54' title='bbox 563 1193 741 1236; x_wconf 89' lang='lat' dir='ltr'>seruorum.</span> <span class='ocrx_word' id='word_1_55' title='bbox 773 1174 832 1236; x_wconf 88' lang='lat' dir='ltr'>sed</span> <span class='ocrx_word' id='word_1_56' title='bbox 853 1174 1051 1238; x_wconf 78' lang='lat' dir='ltr'>differentiae</span> <span class='ocrx_word' id='word_1_57' title='bbox 1074 1179 1153 1239; x_wconf 91' lang='lat' dir='ltr'>ratio</span> 
     </span>
    </p>

    <p class='ocr_par' dir='ltr' id='par_1_6' title="bbox 21 1217 1154 1342">
     <span class='ocr_line' id='line_1_10' title="bbox 21 1217 1154 1342; baseline 0.004 -22"><span class='ocrx_word' id='word_1_58' title='bbox 21 1217 23 1342; x_wconf 55' lang='lat' dir='ltr'>i</span> <span class='ocrx_word' id='word_1_59' title='bbox 84 1261 241 1323; x_wconf 85' lang='lat' dir='ltr'>manifesto</span> <span class='ocrx_word' id='word_1_60' title='bbox 273 1269 336 1339; x_wconf 84' lang='lat' dir='ltr'>est,</span> <span class='ocrx_word' id='word_1_61' title='bbox 369 1280 443 1322; x_wconf 90' lang='lat' dir='ltr'>cum</span> <span class='ocrx_word' id='word_1_62' title='bbox 471 1281 491 1322; x_wconf 94' lang='lat' dir='ltr'>a</span> <span class='ocrx_word' id='word_1_63' title='bbox 517 1261 706 1340; x_wconf 86' lang='lat' dir='ltr'>parentibus</span> <span class='ocrx_word' id='word_1_64' title='bbox 735 1269 767 1322; x_wconf 89' lang='lat' dir='ltr'>et</span> <span class='ocrx_word' id='word_1_65' title='bbox 792 1281 811 1322; x_wconf 94' lang='lat' dir='ltr'>a</span> <span class='ocrx_word' id='word_1_66' title='bbox 833 1262 1154 1342; x_wconf 87' lang='lat' dir='ltr'>coemptionatorihus</span> 
     </span>
    </p>

    <p class='ocr_par' dir='ltr' id='par_1_7' title="bbox 21 1345 1203 1430">
     <span class='ocr_line' id='line_1_11' title="bbox 21 1345 1203 1430; baseline 0.004 -24"><span class='ocrx_word' id='word_1_67' title='bbox 21 1351 22 1358; x_wconf 77' lang='grc'>’</span> <span class='ocrx_word' id='word_1_68' title='bbox 83 1345 172 1408; x_wconf 89' lang='lat' dir='ltr'>isdem</span> <span class='ocrx_word' id='word_1_69' title='bbox 195 1347 306 1410; x_wconf 87' lang='lat' dir='ltr'>uerbis</span> <span class='ocrx_word' id='word_1_70' title='bbox 320 1349 478 1426; x_wconf 89' lang='lat' dir='ltr'>mancipio</span> <span class='ocrx_word' id='word_1_71' title='bbox 494 1347 703 1426; x_wconf 84' lang='lat' dir='ltr'>accipiantur,</span> <span class='ocrx_word' id='word_1_72' title='bbox 723 1346 844 1428; x_wconf 89' lang='lat' dir='ltr'>quibus</span> <span class='ocrx_word' id='word_1_73' title='bbox 860 1349 962 1426; x_wconf 90' lang='lat' dir='ltr'>serui;</span> <span class='ocrx_word' id='word_1_74' title='bbox 989 1347 1075 1430; x_wconf 92' lang='lat' dir='ltr'>quod</span> <span class='ocrx_word' id='word_1_75' title='bbox 1090 1369 1153 1411; x_wconf 94' lang='lat' dir='ltr'>non</span> <span class='ocrx_word' id='word_1_76' title='bbox 1172 1358 1203 1404; x_wconf 99' lang='grc'>40</span> 
     </span>
    </p>

    <p class='ocr_par' dir='ltr' id='par_1_8' title="bbox 21 1433 979 1514">
     <span class='ocr_line' id='line_1_12' title="bbox 21 1433 979 1514; baseline 0 -21"><span class='ocrx_word' id='word_1_77' title='bbox 21 1469 22 1472; x_wconf 60' lang='lat'><em>=</em></span> <span class='ocrx_word' id='word_1_78' title='bbox 85 1433 219 1494; x_wconf 89' lang='lat' dir='ltr'>similiter</span> <span class='ocrx_word' id='word_1_79' title='bbox 237 1435 272 1514; x_wconf 77' lang='lat' dir='ltr'>fit</span> <span class='ocrx_word' id='word_1_80' title='bbox 293 1434 326 1493; x_wconf 93' lang='lat' dir='ltr'>in</span> <span class='ocrx_word' id='word_1_81' title='bbox 348 1435 556 1513; x_wconf 77' lang='lat' dir='ltr'>coemptione.</span> <span class='ocrx_word' id='word_1_82' title='bbox 974 1453 979 1462; x_wconf 64' lang='grc'><em>“</em></span> 
     </span>
    </p>

    <p class='ocr_par' dir='ltr' id='par_1_9' title="bbox 21 1477 1155 1606">
     <span class='ocr_line' id='line_1_13' title="bbox 21 1477 1155 1606; baseline 0 -24"><span class='ocrx_word' id='word_1_83' title='bbox 21 1477 65 1606; x_wconf 55' lang='lat' dir='ltr'>in</span> <span class='ocrx_word' id='word_1_84' title='bbox 155 1517 327 1582; x_wconf 81' lang='lat' dir='ltr'>Videamus</span> <span class='ocrx_word' id='word_1_85' title='bbox 356 1539 443 1581; x_wconf 89' lang='lat' dir='ltr'>nunc</span> <span class='ocrx_word' id='word_1_86' title='bbox 475 1517 632 1598; x_wconf 90' lang='lat' dir='ltr'>quomodo</span> <span class='ocrx_word' id='word_1_87' title='bbox 662 1518 695 1580; x_wconf 74' lang='lat' dir='ltr'>lei</span> <span class='ocrx_word' id='word_1_88' title='bbox 720 1520 777 1598; x_wconf 88' lang='lat' dir='ltr'>qui</span> <span class='ocrx_word' id='word_1_89' title='bbox 806 1520 908 1581; x_wconf 89' lang='lat' dir='ltr'>alieno</span> <span class='ocrx_word' id='word_1_90' title='bbox 937 1521 1002 1582; x_wconf 92' lang='lat' dir='ltr'>iuri</span> <span class='ocrx_word' id='word_1_91' title='bbox 1024 1521 1155 1583; x_wconf 81' lang='lat' dir='ltr'>subiecti</span> 
     </span>
    </p>

    <p class='ocr_par' dir='ltr' id='par_1_10' title="bbox 21 1605 522 1682">
     <span class='ocr_line' id='line_1_14' title="bbox 84 1605 522 1682; baseline -0.002 -17.126"><span class='ocrx_word' id='word_1_92' title='bbox 84 1614 157 1682; x_wconf 86' lang='lat' dir='ltr'>sunt,</span> <span class='ocrx_word' id='word_1_93' title='bbox 184 1625 221 1666; x_wconf 91' lang='lat' dir='ltr'>eo</span> <span class='ocrx_word' id='word_1_94' title='bbox 242 1607 313 1667; x_wconf 88' lang='lat' dir='ltr'>iure</span> <span class='ocrx_word' id='word_1_95' title='bbox 335 1605 522 1666; x_wconf 77' lang='lat' dir='ltr'>liberentur.</span> 
     </span>
    </p>

    <p class='ocr_par' dir='ltr' id='par_1_11' title="bbox 21 1685 1152 1772">
     <span class='ocr_line' id='line_1_15' title="bbox 21 1685 1152 1772; baseline 0.007 -28"><span class='ocrx_word' id='word_1_96' title='bbox 21 1685 66 1746; x_wconf 75' lang='lat' dir='ltr'>tut</span> <span class='ocrx_word' id='word_1_97' title='bbox 155 1690 199 1753; x_wconf 82' lang='lat' dir='ltr'>Ac</span> <span class='ocrx_word' id='word_1_98' title='bbox 226 1693 320 1772; x_wconf 89' lang='lat' dir='ltr'>prins</span> <span class='ocrx_word' id='word_1_99' title='bbox 349 1691 389 1752; x_wconf 91' lang='lat' dir='ltr'>de</span> <span class='ocrx_word' id='word_1_100' title='bbox 416 1689 466 1752; x_wconf 87' lang='lat' dir='ltr'>his</span> <span class='ocrx_word' id='word_1_101' title='bbox 495 1690 702 1770; x_wconf 90' lang='lat' dir='ltr'>dispiciamus</span> <span class='ocrx_word' id='word_1_102' title='bbox 732 1692 788 1770; x_wconf 92' lang='lat' dir='ltr'>qui</span> <span class='ocrx_word' id='word_1_103' title='bbox 818 1691 851 1750; x_wconf 93' lang='lat' dir='ltr'>in</span> <span class='ocrx_word' id='word_1_104' title='bbox 880 1699 1035 1771; x_wconf 82' lang='lat' dir='ltr'>potestate</span> <span class='ocrx_word' id='word_1_105' title='bbox 1065 1702 1152 1754; x_wconf 90' lang='lat' dir='ltr'>sunt.</span> 
     </span>
    </p>

    <p class='ocr_par' dir='ltr' id='par_1_12' title="bbox 21 1771 1205 1858">
     <span class='ocr_line' id='line_1_16' title="bbox 21 1771 1205 1858; baseline 0.005 -24"><span class='ocrx_word' id='word_1_106' title='bbox 21 1771 65 1850; x_wconf 75' lang='grc'>446</span> <span class='ocrx_word' id='word_1_107' title='bbox 82 1775 115 1836; x_wconf 89' lang='grc' dir='ltr'>Ε4</span> <span class='ocrx_word' id='word_1_108' title='bbox 127 1777 256 1858; x_wconf 89' lang='lat' dir='ltr'>quidem</span> <span class='ocrx_word' id='word_1_109' title='bbox 279 1779 368 1839; x_wconf 84' lang='lat' dir='ltr'>serui</span> <span class='ocrx_word' id='word_1_110' title='bbox 388 1775 648 1858; x_wconf 77' lang='lat' dir='ltr'>quemadmodum</span> <span class='ocrx_word' id='word_1_111' title='bbox 671 1785 827 1856; x_wconf 86' lang='lat' dir='ltr'>potestate</span> <span class='ocrx_word' id='word_1_112' title='bbox 842 1777 1031 1858; x_wconf 78' lang='lat' dir='ltr'>liberentur,</span> <span class='ocrx_word' id='word_1_113' title='bbox 1050 1798 1091 1840; x_wconf 84' lang='lat' dir='ltr'>ax</span> <span class='ocrx_word' id='word_1_114' title='bbox 1105 1778 1154 1840; x_wconf 91' lang='lat' dir='ltr'>his</span> <span class='ocrx_word' id='word_1_115' title='bbox 1175 1787 1205 1832; x_wconf 76' lang='lat'>⁴5</span> 
     </span>
    </p>

    <p class='ocr_par' dir='ltr' id='par_1_13' title="bbox 21 1851 1155 1946">
     <span class='ocr_line' id='line_1_17' title="bbox 83 1861 1155 1946; baseline 0.005 -25.672"><span class='ocrx_word' id='word_1_116' title='bbox 83 1861 248 1946; x_wconf 80' lang='lat' dir='ltr'>intellepere</span> <span class='ocrx_word' id='word_1_117' title='bbox 268 1882 440 1944; x_wconf 91' lang='lat' dir='ltr'>possumus</span> <span class='ocrx_word' id='word_1_118' title='bbox 456 1881 539 1943; x_wconf 90' lang='lat' dir='ltr'>quae</span> <span class='ocrx_word' id='word_1_119' title='bbox 555 1861 595 1923; x_wconf 90' lang='lat' dir='ltr'>de</span> <span class='ocrx_word' id='word_1_120' title='bbox 612 1863 715 1924; x_wconf 88' lang='lat' dir='ltr'>seruis</span> <span class='ocrx_word' id='word_1_121' title='bbox 730 1861 991 1925; x_wconf 83' lang='lat' dir='ltr'>manumittendis</span> <span class='ocrx_word' id='word_1_122' title='bbox 1005 1865 1155 1944; x_wconf 81' lang='lat' dir='ltr'>superius</span> 
     </span>
    </p>

    <p class='ocr_par' dir='ltr' id='par_1_14' title="bbox 24 1944 1156 2116">
     <span class='ocr_line' id='line_1_18' title="bbox 24 1944 1155 2030; baseline 0.006 -26"><span class='ocrx_word' id='word_1_123' title='bbox 24 1944 290 2030; x_wconf 69' lang='lat' dir='ltr'>interposuimus.</span> <span class='ocrx_word' id='word_1_124' title='bbox 326 1951 364 2010; x_wconf 88' lang='lat' dir='ltr'>Hi</span> <span class='ocrx_word' id='word_1_125' title='bbox 379 1967 457 2011; x_wconf 90' lang='lat' dir='ltr'>uero</span> <span class='ocrx_word' id='word_1_126' title='bbox 473 1949 530 2028; x_wconf 89' lang='lat' dir='ltr'>qni</span> <span class='ocrx_word' id='word_1_127' title='bbox 545 1949 579 2010; x_wconf 81' lang='lat' dir='ltr'>in</span> <span class='ocrx_word' id='word_1_128' title='bbox 597 1955 743 2028; x_wconf 81' lang='lat' dir='ltr'>potestate</span> <span class='ocrx_word' id='word_1_129' title='bbox 761 1950 907 2030; x_wconf 85' lang='lat' dir='ltr'>parentis</span> <span class='ocrx_word' id='word_1_130' title='bbox 928 1957 1011 2028; x_wconf 88' lang='lat' dir='ltr'>sunt,</span> <span class='ocrx_word' id='word_1_131' title='bbox 1037 1959 1155 2013; x_wconf 86' lang='lat' dir='ltr'>mortno</span> 
     </span>
     <span class='ocr_line' id='line_1_19' title="bbox 83 2034 1156 2116; baseline 0.004 -22"><span class='ocrx_word' id='word_1_132' title='bbox 83 2053 109 2094; x_wconf 91' lang='lat' dir='ltr'>eo</span> <span class='ocrx_word' id='word_1_133' title='bbox 129 2037 177 2096; x_wconf 83' lang='lat' dir='ltr'>sni</span> <span class='ocrx_word' id='word_1_134' title='bbox 197 2038 278 2098; x_wconf 79' lang='grc'><strong>444444</strong></span> <span class='ocrx_word' id='word_1_135' title='bbox 296 2037 383 2116; x_wconf 74' lang='lat' dir='ltr'>finnt.</span> <span class='ocrx_word' id='word_1_136' title='bbox 415 2035 469 2096; x_wconf 87' lang='lat' dir='ltr'>sed</span> <span class='ocrx_word' id='word_1_137' title='bbox 490 2034 544 2096; x_wconf 84' lang='lat' dir='ltr'>loc</span> <span class='ocrx_word' id='word_1_138' title='bbox 566 2034 800 2096; x_wconf 80' lang='lat' dir='ltr'>distinctionem</span> <span class='ocrx_word' id='word_1_139' title='bbox 822 2037 950 2116; x_wconf 82' lang='lat' dir='ltr'>recipit3</span> <span class='ocrx_word' id='word_1_140' title='bbox 976 2055 1050 2098; x_wconf 87' lang='lat' dir='ltr'>nam</span> <span class='ocrx_word' id='word_1_141' title='bbox 1071 2055 1156 2099; x_wconf 82' lang='lat' dir='ltr'>ntor-</span> 
     </span>
    </p>

    <p class='ocr_par' dir='ltr' id='par_1_15' title="bbox 21 2119 1151 2202">
     <span class='ocr_line' id='line_1_20' title="bbox 21 2119 1151 2202; baseline 0.003 -21"><span class='ocrx_word' id='word_1_142' title='bbox 21 2133 22 2192; x_wconf 72' lang='grc'>4</span> <span class='ocrx_word' id='word_1_143' title='bbox 82 2127 125 2181; x_wconf 82' lang='lat' dir='ltr'>tto</span> <span class='ocrx_word' id='word_1_144' title='bbox 142 2129 232 2202; x_wconf 86' lang='lat' dir='ltr'>petre</span> <span class='ocrx_word' id='word_1_145' title='bbox 255 2140 330 2184; x_wconf 89' lang='lat' dir='ltr'>sane</span> <span class='ocrx_word' id='word_1_146' title='bbox 351 2122 436 2182; x_wconf 93' lang='lat' dir='ltr'>omni</span> <span class='ocrx_word' id='word_1_147' title='bbox 458 2119 550 2182; x_wconf 92' lang='lat' dir='ltr'>modo</span> <span class='ocrx_word' id='word_1_148' title='bbox 566 2120 625 2180; x_wconf 82' lang='lat' dir='ltr'>lilii</span> <span class='ocrx_word' id='word_1_149' title='bbox 643 2121 770 2183; x_wconf 89' lang='lat' dir='ltr'>filiaeue</span> <span class='ocrx_word' id='word_1_150' title='bbox 787 2123 839 2184; x_wconf 89' lang='lat' dir='ltr'>sui</span> <span class='ocrx_word' id='word_1_151' title='bbox 854 2123 935 2184; x_wconf 90' lang='lat' dir='ltr'>iuris</span> <span class='ocrx_word' id='word_1_152' title='bbox 950 2121 1151 2199; x_wconf 84' lang='lat' dir='ltr'>efficiuntnr3</span> 
     </span>
    </p>

    <p class='ocr_par' dir='ltr' id='par_1_16' title="bbox 21 2206 1205 2290">
     <span class='ocr_line' id='line_1_21' title="bbox 81 2206 1205 2290; baseline 0.003 -23.797"><span class='ocrx_word' id='word_1_153' title='bbox 81 2218 194 2270; x_wconf 84' lang='lat' dir='ltr'>monuo</span> <span class='ocrx_word' id='word_1_154' title='bbox 216 2227 295 2270; x_wconf 90' lang='lat' dir='ltr'>uero</span> <span class='ocrx_word' id='word_1_155' title='bbox 318 2227 377 2270; x_wconf 93' lang='lat' dir='ltr'>auo</span> <span class='ocrx_word' id='word_1_156' title='bbox 399 2225 460 2268; x_wconf 91' lang='lat' dir='ltr'>non</span> <span class='ocrx_word' id='word_1_157' title='bbox 482 2206 676 2268; x_wconf 83' lang='lat' dir='ltr'>omnimodo</span> <span class='ocrx_word' id='word_1_158' title='bbox 697 2215 818 2288; x_wconf 78' lang='lat' dir='ltr'>nepotes</span> <span class='ocrx_word' id='word_1_159' title='bbox 843 2216 989 2290; x_wconf 83' lang='lat' dir='ltr'>neptesue</span> <span class='ocrx_word' id='word_1_160' title='bbox 1010 2209 1155 2271; x_wconf 75' lang='lat' dir='ltr'>scituris</span> <span class='ocrx_word' id='word_1_161' title='bbox 1173 2217 1205 2262; x_wconf 81' lang='grc'><strong>00</strong></span> 
     </span>
    </p>

    <p class='ocr_par' dir='ltr' id='par_1_17' title="bbox 21 2285 1205 2808">
     <span class='ocr_line' id='line_1_22' title="bbox 21 2285 1155 2376; baseline -0.002 -18"><span class='ocrx_word' id='word_1_162' title='bbox 21 2285 23 2358; x_wconf 64' lang='grc' dir='ltr'><strong><em>ἶ</em></strong></span> <span class='ocrx_word' id='word_1_163' title='bbox 79 2293 158 2373; x_wconf 69' lang='lat' dir='ltr'>tinent,</span> <span class='ocrx_word' id='word_1_164' title='bbox 182 2295 238 2358; x_wconf 89' lang='lat' dir='ltr'>sed</span> <span class='ocrx_word' id='word_1_165' title='bbox 251 2297 304 2374; x_wconf 83' lang='grc'><strong>444,</strong></span> <span class='ocrx_word' id='word_1_166' title='bbox 324 2296 354 2356; x_wconf 83' lang='grc'>44</span> <span class='ocrx_word' id='word_1_167' title='bbox 370 2300 578 2375; x_wconf 86' lang='lat' dir='ltr'>postmortem</span> <span class='ocrx_word' id='word_1_168' title='bbox 593 2294 648 2353; x_wconf 81' lang='lat' dir='ltr'>oni</span> <span class='ocrx_word' id='word_1_169' title='bbox 661 2295 693 2353; x_wconf 96' lang='lat' dir='ltr'>in</span> <span class='ocrx_word' id='word_1_170' title='bbox 717 2295 815 2374; x_wconf 89' lang='lat' dir='ltr'>patris</span> <span class='ocrx_word' id='word_1_171' title='bbox 831 2297 882 2356; x_wconf 90' lang='lat' dir='ltr'>sni</span> <span class='ocrx_word' id='word_1_172' title='bbox 897 2304 1086 2376; x_wconf 89' lang='lat' dir='ltr'>potestatem</span> <span class='ocrx_word' id='word_1_173' title='bbox 1100 2314 1155 2356; x_wconf 86' lang='lat' dir='ltr'>re-</span> 
     </span>
     <span class='ocr_line' id='line_1_23' title="bbox 83 2379 1156 2461; baseline 0.004 -23"><span class='ocrx_word' id='word_1_174' title='bbox 83 2381 176 2442; x_wconf 82' lang='lat' dir='ltr'>casuri</span> <span class='ocrx_word' id='word_1_175' title='bbox 198 2399 263 2442; x_wconf 91' lang='lat' dir='ltr'>non</span> <span class='ocrx_word' id='word_1_176' title='bbox 286 2388 367 2442; x_wconf 82' lang='lat' dir='ltr'>sent.</span> <span class='ocrx_word' id='word_1_177' title='bbox 400 2381 509 2459; x_wconf 77' lang='lat' dir='ltr'>itaque</span> <span class='ocrx_word' id='word_1_178' title='bbox 524 2379 551 2440; x_wconf 90' lang='lat' dir='ltr'>si</span> <span class='ocrx_word' id='word_1_179' title='bbox 573 2379 728 2440; x_wconf 88' lang='lat' dir='ltr'>moriente</span> <span class='ocrx_word' id='word_1_180' title='bbox 751 2399 811 2442; x_wconf 89' lang='lat' dir='ltr'>auo</span> <span class='ocrx_word' id='word_1_181' title='bbox 830 2388 922 2461; x_wconf 80' lang='lat' dir='ltr'>poter</span> <span class='ocrx_word' id='word_1_182' title='bbox 936 2399 1041 2442; x_wconf 75' lang='lat' dir='ltr'>eornm</span> <span class='ocrx_word' id='word_1_183' title='bbox 1063 2389 1092 2442; x_wconf 90' lang='lat' dir='ltr'>et</span> <span class='ocrx_word' id='word_1_184' title='bbox 1104 2383 1156 2442; x_wconf 77' lang='lat' dir='ltr'>ni-</span> 
     </span>
     <span class='ocr_line' id='line_1_24' title="bbox 81 2459 1157 2550; baseline 0.005 -27"><span class='ocrx_word' id='word_1_185' title='bbox 81 2473 167 2528; x_wconf 89' lang='lat' dir='ltr'>notet</span> <span class='ocrx_word' id='word_1_186' title='bbox 190 2468 223 2528; x_wconf 86' lang='lat' dir='ltr'>t&#39;n</span> <span class='ocrx_word' id='word_1_187' title='bbox 242 2474 392 2547; x_wconf 85' lang='lat' dir='ltr'>potestate</span> <span class='ocrx_word' id='word_1_188' title='bbox 414 2466 514 2546; x_wconf 88' lang='lat' dir='ltr'>patris</span> <span class='ocrx_word' id='word_1_189' title='bbox 530 2459 613 2550; x_wconf 78' lang='lat' dir='ltr'>(sni)</span> <span class='ocrx_word' id='word_1_190' title='bbox 636 2465 744 2544; x_wconf 84' lang='lat' dir='ltr'>fuerit,</span> <span class='ocrx_word' id='word_1_191' title='bbox 769 2475 847 2528; x_wconf 92' lang='lat' dir='ltr'>tunc</span> <span class='ocrx_word' id='word_1_192' title='bbox 869 2476 942 2548; x_wconf 91' lang='lat' dir='ltr'>post</span> <span class='ocrx_word' id='word_1_193' title='bbox 963 2467 1079 2528; x_wconf 76' lang='lat' dir='ltr'>obitum</span> <span class='ocrx_word' id='word_1_194' title='bbox 1101 2469 1157 2528; x_wconf 79' lang='lat' dir='ltr'>uni</span> 
     </span>
     <span class='ocr_line' id='line_1_25' title="bbox 82 2550 1154 2634; baseline 0.006 -26"><span class='ocrx_word' id='word_1_195' title='bbox 82 2550 217 2632; x_wconf 76' lang='lat' dir='ltr'>inpetres</span> <span class='ocrx_word' id='word_1_196' title='bbox 241 2555 292 2615; x_wconf 90' lang='lat' dir='ltr'>sui</span> <span class='ocrx_word' id='word_1_197' title='bbox 314 2560 470 2634; x_wconf 84' lang='lat' dir='ltr'>potestate</span> <span class='ocrx_word' id='word_1_198' title='bbox 492 2551 589 2628; x_wconf 81' lang='lat' dir='ltr'>fiunt3</span> <span class='ocrx_word' id='word_1_199' title='bbox 617 2553 643 2612; x_wconf 91' lang='lat' dir='ltr'>si</span> <span class='ocrx_word' id='word_1_200' title='bbox 666 2553 803 2632; x_wconf 85' lang='lat' dir='ltr'>uernis,</span> <span class='ocrx_word' id='word_1_201' title='bbox 831 2573 894 2634; x_wconf 89' lang='lat' dir='ltr'>quo</span> <span class='ocrx_word' id='word_1_202' title='bbox 917 2562 1059 2632; x_wconf 89' lang='lat' dir='ltr'>tempore</span> <span class='ocrx_word' id='word_1_203' title='bbox 1074 2571 1154 2614; x_wconf 86' lang='lat' dir='ltr'>auus</span> 
     </span>
     <span class='ocr_line' id='line_1_26' title="bbox 82 2633 1205 2724; baseline 0.002 -26"><span class='ocrx_word' id='word_1_204' title='bbox 82 2641 215 2718; x_wconf 87' lang='lat' dir='ltr'>moritur,</span> <span class='ocrx_word' id='word_1_205' title='bbox 243 2647 299 2700; x_wconf 90' lang='lat' dir='ltr'>aut</span> <span class='ocrx_word' id='word_1_206' title='bbox 320 2640 383 2700; x_wconf 91' lang='lat' dir='ltr'>iam</span> <span class='ocrx_word' id='word_1_207' title='bbox 404 2645 544 2699; x_wconf 77' lang='lat' dir='ltr'>mortuns</span> <span class='ocrx_word' id='word_1_208' title='bbox 563 2645 676 2700; x_wconf 86' lang='lat' dir='ltr'>estant</span> <span class='ocrx_word' id='word_1_209' title='bbox 690 2637 769 2698; x_wconf 89' lang='lat' dir='ltr'>exiit</span> <span class='ocrx_word' id='word_1_210' title='bbox 790 2637 830 2700; x_wconf 92' lang='lat' dir='ltr'>de</span> <span class='ocrx_word' id='word_1_211' title='bbox 852 2647 1007 2720; x_wconf 85' lang='lat' dir='ltr'>potestate</span> <span class='ocrx_word' id='word_1_212' title='bbox 1023 2633 1150 2724; x_wconf 78' lang='lat' dir='ltr'>(putris,</span> <span class='ocrx_word' id='word_1_213' title='bbox 1174 2649 1205 2694; x_wconf 84' lang='grc'>24</span> 
     </span>
     <span class='ocr_line' id='line_1_27' title="bbox 83 2719 1155 2808; baseline 0.004 -26"><span class='ocrx_word' id='word_1_214' title='bbox 83 2728 144 2784; x_wconf 85' lang='lat' dir='ltr'>tnnc</span> <span class='ocrx_word' id='word_1_215' title='bbox 157 2725 199 2803; x_wconf 86' lang='grc'><strong>444,</strong></span> <span class='ocrx_word' id='word_1_216' title='bbox 217 2727 291 2806; x_wconf 83' lang='lat' dir='ltr'>qnia</span> <span class='ocrx_word' id='word_1_217' title='bbox 305 2726 337 2786; x_wconf 82' lang='lat' dir='ltr'>in</span> <span class='ocrx_word' id='word_1_218' title='bbox 351 2719 539 2808; x_wconf 83' lang='lat' dir='ltr'>potestatem)</span> <span class='ocrx_word' id='word_1_219' title='bbox 549 2725 619 2786; x_wconf 91' lang='lat' dir='ltr'>eius</span> <span class='ocrx_word' id='word_1_220' title='bbox 635 2723 747 2786; x_wconf 88' lang='lat' dir='ltr'>eadere</span> <span class='ocrx_word' id='word_1_221' title='bbox 762 2743 824 2785; x_wconf 91' lang='lat' dir='ltr'>uon</span> <span class='ocrx_word' id='word_1_222' title='bbox 840 2733 982 2806; x_wconf 85' lang='lat' dir='ltr'>possunt,</span> <span class='ocrx_word' id='word_1_223' title='bbox 1009 2726 1060 2786; x_wconf 90' lang='lat' dir='ltr'>sui</span> <span class='ocrx_word' id='word_1_224' title='bbox 1075 2725 1155 2786; x_wconf 82' lang='lat' dir='ltr'>iuris</span> 
     </span>
    </p>
   </div>
   <div class='ocr_carea' id='block_1_3' title="bbox 85 2955 1156 3091">
    <p class='ocr_par' dir='ltr' id='par_1_18' title="bbox 85 2955 1156 3091">
     <span class='ocr_line' id='line_1_28' title="bbox 142 2955 1156 3022; baseline 0.003 -18"><span class='ocrx_word' id='word_1_225' title='bbox 142 2955 212 3020; x_wconf 66' lang='lat' dir='ltr'>§tat</span> <span class='ocrx_word' id='word_1_226' title='bbox 236 2977 267 2999; x_wconf 86' lang='lat'>=</span> <span class='ocrx_word' id='word_1_227' title='bbox 286 2957 351 3008; x_wconf 87' lang='lat' dir='ltr'>Inst.</span> <span class='ocrx_word' id='word_1_228' title='bbox 368 2960 393 3018; x_wconf 89' lang='grc'>4,</span> <span class='ocrx_word' id='word_1_229' title='bbox 409 2959 439 3004; x_wconf 91' lang='grc'>42</span> <span class='ocrx_word' id='word_1_230' title='bbox 452 2969 494 3020; x_wconf 88' lang='lat' dir='ltr'>pr.</span> <span class='ocrx_word' id='word_1_231' title='bbox 515 2955 526 3019; x_wconf 81' lang='grc' dir='ltr'>ΙΙ</span> <span class='ocrx_word' id='word_1_232' title='bbox 545 2955 619 3021; x_wconf 68' lang='lat' dir='ltr'>§lit</span> <span class='ocrx_word' id='word_1_233' title='bbox 638 2976 670 2998; x_wconf 93' lang='lat'>=</span> <span class='ocrx_word' id='word_1_234' title='bbox 683 2958 748 3006; x_wconf 90' lang='lat' dir='ltr'>Inst.</span> <span class='ocrx_word' id='word_1_235' title='bbox 765 2961 788 3020; x_wconf 91' lang='grc'>4,</span> <span class='ocrx_word' id='word_1_236' title='bbox 802 2959 834 3004; x_wconf 92' lang='grc'>42</span> <span class='ocrx_word' id='word_1_237' title='bbox 846 2970 888 3022; x_wconf 88' lang='lat' dir='ltr'>pr.</span> <span class='ocrx_word' id='word_1_238' title='bbox 908 2955 919 3019; x_wconf 90' lang='grc' dir='ltr'>ΙΙ</span> <span class='ocrx_word' id='word_1_239' title='bbox 935 2957 1065 3020; x_wconf 78' lang='lat' dir='ltr'>superins]</span> <span class='ocrx_word' id='word_1_240' title='bbox 1085 2958 1156 3008; x_wconf 87' lang='lat' dir='ltr'>inter</span> 
     </span>
     <span class='ocr_line' id='line_1_29' title="bbox 85 3018 1084 3091; baseline 0.004 -19"><span class='ocrx_word' id='word_1_241' title='bbox 85 3018 131 3084; x_wconf 80' lang='lat' dir='ltr'>§at</span> <span class='ocrx_word' id='word_1_242' title='bbox 153 3027 178 3074; x_wconf 90' lang='lat' dir='ltr'>et</span> <span class='ocrx_word' id='word_1_243' title='bbox 195 3025 275 3090; x_wconf 73' lang='lat' dir='ltr'>§tit</span> <span class='ocrx_word' id='word_1_244' title='bbox 297 3023 376 3088; x_wconf 79' lang='lat' dir='ltr'>(conl.</span> <span class='ocrx_word' id='word_1_245' title='bbox 395 3023 430 3074; x_wconf 87' lang='lat' dir='ltr'>ad</span> <span class='ocrx_word' id='word_1_246' title='bbox 447 3037 507 3089; x_wconf 79' lang='lat' dir='ltr'>pag.</span> <span class='ocrx_word' id='word_1_247' title='bbox 524 3028 538 3072; x_wconf 88' lang='grc'><strong>6</strong></span> <span class='ocrx_word' id='word_1_248' title='bbox 556 3038 629 3075; x_wconf 86' lang='lat' dir='ltr'>uers.</span> <span class='ocrx_word' id='word_1_249' title='bbox 646 3025 685 3088; x_wconf 85' lang='grc'>47)</span> <span class='ocrx_word' id='word_1_250' title='bbox 704 3024 715 3088; x_wconf 84' lang='grc' dir='ltr'>ΙΙ</span> <span class='ocrx_word' id='word_1_251' title='bbox 733 3025 745 3090; x_wconf 64' lang='lat' dir='ltr'>t</span> <span class='ocrx_word' id='word_1_252' title='bbox 760 3029 806 3074; x_wconf 84' lang='grc'>424</span> <span class='ocrx_word' id='word_1_253' title='bbox 827 3046 859 3068; x_wconf 91' lang='lat'><em>=</em></span> <span class='ocrx_word' id='word_1_254' title='bbox 878 3027 942 3075; x_wconf 86' lang='lat' dir='ltr'>lust.</span> <span class='ocrx_word' id='word_1_255' title='bbox 959 3031 981 3086; x_wconf 92' lang='grc'>4,</span> <span class='ocrx_word' id='word_1_256' title='bbox 998 3029 1030 3074; x_wconf 91' lang='grc'>42</span> <span class='ocrx_word' id='word_1_257' title='bbox 1042 3039 1084 3091; x_wconf 91' lang='lat' dir='ltr'>pr.</span> 
     </span>
    </p>
   </div>
   <div class='ocr_carea' id='block_1_4' title="bbox 1103 3152 1154 3168">
    <p class='ocr_par' dir='ltr' id='par_1_19' title="bbox 1103 3152 1154 3168">
     <span class='ocr_line' id='line_1_30' title="bbox 1103 3152 1154 3168; baseline 0 -3"><span class='ocrx_word' id='word_1_258' title='bbox 1103 3152 1154 3168; x_wconf 70' lang='grc' dir='ltr'>ΛΑΓ</span> 
     </span>
    </p>
   </div>
   <div class='ocr_carea' id='block_1_5' title="bbox 72 3237 1157 4129">
    <p class='ocr_par' dir='ltr' id='par_1_20' title="bbox 72 3237 1157 4129">
     <span class='ocr_line' id='line_1_31' title="bbox 141 3237 1155 3301; baseline 0.004 -15"><span class='ocrx_word' id='word_1_259' title='bbox 141 3241 206 3286; x_wconf 90' lang='grc'>2-4</span> <span class='ocrx_word' id='word_1_260' title='bbox 220 3241 258 3288; x_wconf 83' lang='lat' dir='ltr'>ito</span> <span class='ocrx_word' id='word_1_261' title='bbox 269 3239 324 3301; x_wconf 75' lang='grc'><strong>4444</strong></span> <span class='ocrx_word' id='word_1_262' title='bbox 336 3238 476 3300; x_wconf 84' lang='lat' dir='ltr'>supplendo</span> <span class='ocrx_word' id='word_1_263' title='bbox 487 3251 592 3287; x_wconf 81' lang='lat' dir='ltr'>senstnn</span> <span class='ocrx_word' id='word_1_264' title='bbox 603 3238 732 3288; x_wconf 80' lang='grc'><strong>04444444</strong></span> <span class='ocrx_word' id='word_1_265' title='bbox 743 3239 882 3288; x_wconf 71' lang='grc' dir='ltr'>4444444444.ι</span> <span class='ocrx_word' id='word_1_266' title='bbox 895 3251 929 3288; x_wconf 83' lang='lat' dir='ltr'>es</span> <span class='ocrx_word' id='word_1_267' title='bbox 938 3237 1065 3298; x_wconf 85' lang='lat' dir='ltr'>quidem</span> <span class='ocrx_word' id='word_1_268' title='bbox 1074 3251 1155 3300; x_wconf 83' lang='lat' dir='ltr'>quaa</span> 
     </span>
     <span class='ocr_line' id='line_1_32' title="bbox 82 3303 1155 3372; baseline 0.007 -21"><span class='ocrx_word' id='word_1_269' title='bbox 82 3303 313 3370; x_wconf 80' lang='lat' dir='ltr'>cosmlptionem</span> <span class='ocrx_word' id='word_1_270' title='bbox 331 3306 410 3367; x_wconf 81' lang='lat' dir='ltr'>facit,</span> <span class='ocrx_word' id='word_1_271' title='bbox 429 3320 485 3356; x_wconf 89' lang='lat' dir='ltr'>non</span> <span class='ocrx_word' id='word_1_272' title='bbox 504 3306 654 3357; x_wconf 87' lang='lat' dir='ltr'>deducitur</span> <span class='ocrx_word' id='word_1_273' title='bbox 669 3310 699 3356; x_wconf 90' lang='lat' dir='ltr'>in</span> <span class='ocrx_word' id='word_1_274' title='bbox 718 3307 866 3358; x_wconf 73' lang='lat' dir='ltr'>sensilem</span> <span class='ocrx_word' id='word_1_275' title='bbox 878 3303 1117 3372; x_wconf 66' lang='lat' dir='ltr'>condictionem</span> <span class='ocrx_word' id='word_1_276' title='bbox 1136 3321 1155 3359; x_wconf 83' lang='lat' dir='ltr'>a</span> 
     </span>
     <span class='ocr_line' id='line_1_33' title="bbox 82 3373 1155 3441; baseline 0.007 -20"><span class='ocrx_word' id='word_1_277' title='bbox 82 3377 229 3433; x_wconf 83' lang='lat' dir='ltr'>parentttns</span> <span class='ocrx_word' id='word_1_278' title='bbox 249 3381 342 3426; x_wconf 85' lang='lat' dir='ltr'>antem</span> <span class='ocrx_word' id='word_1_279' title='bbox 360 3379 387 3424; x_wconf 89' lang='lat' dir='ltr'>et</span> <span class='ocrx_word' id='word_1_280' title='bbox 404 3390 419 3424; x_wconf 88' lang='lat' dir='ltr'>a</span> <span class='ocrx_word' id='word_1_281' title='bbox 438 3373 723 3441; x_wconf 78' lang='lat' dir='ltr'>coemptionatorilbus</span> <span class='ocrx_word' id='word_1_282' title='bbox 735 3377 905 3438; x_wconf 81' lang='lat' dir='ltr'>mancipati</span> <span class='ocrx_word' id='word_1_283' title='bbox 916 3377 1155 3438; x_wconf 85' lang='lat' dir='ltr'>mancipateeue</span> 
     </span>
     <span class='ocr_line' id='line_1_34' title="bbox 80 3442 1156 3510; baseline 0.002 -17"><span class='ocrx_word' id='word_1_284' title='bbox 80 3442 124 3493; x_wconf 80' lang='lat' dir='ltr'>tle.</span> <span class='ocrx_word' id='word_1_285' title='bbox 139 3442 176 3506; x_wconf 79' lang='grc'>414</span> <span class='ocrx_word' id='word_1_286' title='bbox 191 3445 338 3508; x_wconf 89' lang='lat' dir='ltr'>mancipati</span> <span class='ocrx_word' id='word_1_287' title='bbox 352 3445 468 3503; x_wconf 80' lang='grc'><strong>44444444,</strong></span> <span class='ocrx_word' id='word_1_288' title='bbox 482 3446 632 3510; x_wconf 90' lang='lat' dir='ltr'>mancipari</span> <span class='ocrx_word' id='word_1_289' title='bbox 648 3445 689 3507; x_wconf 76' lang='lat' dir='ltr'>Gn</span> <span class='ocrx_word' id='word_1_290' title='bbox 703 3449 716 3492; x_wconf 86' lang='lat' dir='ltr'>t</span> <span class='ocrx_word' id='word_1_291' title='bbox 730 3445 907 3495; x_wconf 84' lang='lat' dir='ltr'>hereditatem</span> <span class='ocrx_word' id='word_1_292' title='bbox 922 3445 1060 3507; x_wconf 72' lang='lat' dir='ltr'>(tocsano,</span> <span class='ocrx_word' id='word_1_293' title='bbox 1075 3446 1156 3495; x_wconf 88' lang='lat' dir='ltr'>here-</span> 
     </span>
     <span class='ocr_line' id='line_1_35' title="bbox 78 3507 1156 3579; baseline 0.007 -22"><span class='ocrx_word' id='word_1_294' title='bbox 78 3507 170 3562; x_wconf 89' lang='lat' dir='ltr'>ditates</span> <span class='ocrx_word' id='word_1_295' title='bbox 191 3513 219 3574; x_wconf 87' lang='grc'>0,</span> <span class='ocrx_word' id='word_1_296' title='bbox 240 3513 309 3576; x_wconf 70' lang='lat' dir='ltr'>cont.</span> <span class='ocrx_word' id='word_1_297' title='bbox 332 3513 363 3564; x_wconf 75' lang='grc'>04</span> <span class='ocrx_word' id='word_1_298' title='bbox 378 3527 441 3576; x_wconf 78' lang='lat' dir='ltr'>pap.</span> <span class='ocrx_word' id='word_1_299' title='bbox 455 3514 506 3566; x_wconf 83' lang='grc'>270</span> <span class='ocrx_word' id='word_1_300' title='bbox 531 3513 542 3576; x_wconf 82' lang='grc' dir='ltr'>ΙΙ</span> <span class='ocrx_word' id='word_1_301' title='bbox 565 3515 670 3577; x_wconf 85' lang='lat' dir='ltr'>possint</span> <span class='ocrx_word' id='word_1_302' title='bbox 690 3513 832 3577; x_wconf 84' lang='lat' dir='ltr'>Goeselten,</span> <span class='ocrx_word' id='word_1_303' title='bbox 852 3516 966 3579; x_wconf 89' lang='lat' dir='ltr'>possunt</span> <span class='ocrx_word' id='word_1_304' title='bbox 987 3515 1013 3576; x_wconf 87' lang='grc'>0,</span> <span class='ocrx_word' id='word_1_305' title='bbox 1035 3515 1101 3578; x_wconf 77' lang='lat' dir='ltr'>conf.</span> <span class='ocrx_word' id='word_1_306' title='bbox 1124 3515 1156 3565; x_wconf 82' lang='grc'>00</span> 
     </span>
     <span class='ocr_line' id='line_1_36' title="bbox 74 3582 1156 3645; baseline -0.005 -7"><span class='ocrx_word' id='word_1_307' title='bbox 74 3589 132 3642; x_wconf 75' lang='lat' dir='ltr'>lap.</span> <span class='ocrx_word' id='word_1_308' title='bbox 145 3583 196 3632; x_wconf 79' lang='grc'>544</span> <span class='ocrx_word' id='word_1_309' title='bbox 210 3583 258 3645; x_wconf 80' lang='lat' dir='ltr'>inf.</span> <span class='ocrx_word' id='word_1_310' title='bbox 278 3582 289 3644; x_wconf 82' lang='grc' dir='ltr'>ΙΙ</span> <span class='ocrx_word' id='word_1_311' title='bbox 310 3587 323 3632; x_wconf 84' lang='grc'>4</span> <span class='ocrx_word' id='word_1_312' title='bbox 343 3583 365 3632; x_wconf 84' lang='grc'>44</span> <span class='ocrx_word' id='word_1_313' title='bbox 383 3583 480 3632; x_wconf 80' lang='lat' dir='ltr'>eddidit</span> <span class='ocrx_word' id='word_1_314' title='bbox 494 3583 623 3633; x_wconf 81' lang='lat' dir='ltr'>Goeschen</span> <span class='ocrx_word' id='word_1_315' title='bbox 639 3582 650 3645; x_wconf 82' lang='grc'>11</span> <span class='ocrx_word' id='word_1_316' title='bbox 670 3585 684 3630; x_wconf 81' lang='grc'><strong>0</strong></span> <span class='ocrx_word' id='word_1_317' title='bbox 704 3582 847 3633; x_wconf 88' lang='lat' dir='ltr'>manilesta</span> <span class='ocrx_word' id='word_1_318' title='bbox 858 3586 900 3633; x_wconf 89' lang='lat' dir='ltr'>est</span> <span class='ocrx_word' id='word_1_319' title='bbox 914 3583 1052 3643; x_wconf 80' lang='grc'><strong>04444444,</strong></span> <span class='ocrx_word' id='word_1_320' title='bbox 1066 3585 1156 3633; x_wconf 92' lang='lat' dir='ltr'>mani-</span> 
     </span>
     <span class='ocr_line' id='line_1_37' title="bbox 76 3644 1157 3718; baseline 0.006 -23"><span class='ocrx_word' id='word_1_321' title='bbox 76 3644 138 3698; x_wconf 82' lang='grc'><strong>44444</strong></span> <span class='ocrx_word' id='word_1_322' title='bbox 159 3650 191 3712; x_wconf 86' lang='grc'>0,</span> <span class='ocrx_word' id='word_1_323' title='bbox 219 3651 285 3714; x_wconf 77' lang='lat' dir='ltr'>cons.</span> <span class='ocrx_word' id='word_1_324' title='bbox 308 3651 340 3702; x_wconf 72' lang='grc'><strong>00</strong></span> <span class='ocrx_word' id='word_1_325' title='bbox 354 3664 417 3714; x_wconf 76' lang='lat' dir='ltr'>pap.</span> <span class='ocrx_word' id='word_1_326' title='bbox 432 3654 484 3702; x_wconf 82' lang='grc'>244</span> <span class='ocrx_word' id='word_1_327' title='bbox 507 3651 518 3714; x_wconf 81' lang='grc' dir='ltr'>ΙΙ</span> <span class='ocrx_word' id='word_1_328' title='bbox 544 3655 574 3700; x_wconf 87' lang='lat' dir='ltr'>to</span> <span class='ocrx_word' id='word_1_329' title='bbox 593 3653 764 3715; x_wconf 81' lang='lat' dir='ltr'>accipiantur</span> <span class='ocrx_word' id='word_1_330' title='bbox 784 3651 925 3711; x_wconf 83' lang='grc'><strong>04444444,</strong></span> <span class='ocrx_word' id='word_1_331' title='bbox 952 3653 1090 3716; x_wconf 89' lang='lat' dir='ltr'>accipiunt</span> <span class='ocrx_word' id='word_1_332' title='bbox 1111 3649 1157 3718; x_wconf 76' lang='grc'>044</span> 
     </span>
     <span class='ocr_line' id='line_1_38' title="bbox 77 3717 1157 3788; baseline 0.001 -19"><span class='ocrx_word' id='word_1_333' title='bbox 77 3717 105 3764; x_wconf 72' lang='grc'>44</span> <span class='ocrx_word' id='word_1_334' title='bbox 123 3720 263 3782; x_wconf 89' lang='lat' dir='ltr'>quomodo</span> <span class='ocrx_word' id='word_1_335' title='bbox 279 3719 307 3780; x_wconf 80' lang='lat' dir='ltr'>G,</span> <span class='ocrx_word' id='word_1_336' title='bbox 321 3719 422 3784; x_wconf 85' lang='lat' dir='ltr'>quibus</span> <span class='ocrx_word' id='word_1_337' title='bbox 434 3719 524 3770; x_wconf 88' lang='lat' dir='ltr'>modis</span> <span class='ocrx_word' id='word_1_338' title='bbox 535 3721 598 3772; x_wconf 84' lang='lat' dir='ltr'>Inst.</span> <span class='ocrx_word' id='word_1_339' title='bbox 610 3721 621 3784; x_wconf 82' lang='grc' dir='ltr'>ΙΙ</span> <span class='ocrx_word' id='word_1_340' title='bbox 634 3723 665 3769; x_wconf 86' lang='grc'>43</span> <span class='ocrx_word' id='word_1_341' title='bbox 679 3721 829 3771; x_wconf 84' lang='lat' dir='ltr'>liuerentur</span> <span class='ocrx_word' id='word_1_342' title='bbox 844 3721 888 3784; x_wconf 80' lang='lat'>0¹¹,</span> <span class='ocrx_word' id='word_1_343' title='bbox 908 3719 1060 3771; x_wconf 85' lang='lat' dir='ltr'>liberantur</span> <span class='ocrx_word' id='word_1_344' title='bbox 1072 3719 1157 3788; x_wconf 75' lang='grc'><strong>[444411</strong></span> 
     </span>
     <span class='ocr_line' id='line_1_39' title="bbox 76 3786 1156 3852; baseline 0.005 -17"><span class='ocrx_word' id='word_1_345' title='bbox 76 3786 105 3832; x_wconf 86' lang='grc'>45</span> <span class='ocrx_word' id='word_1_346' title='bbox 117 3799 183 3850; x_wconf 76' lang='lat' dir='ltr'>seqq.</span> <span class='ocrx_word' id='word_1_347' title='bbox 203 3789 381 3852; x_wconf 81' lang='lat' dir='ltr'>supplementa</span> <span class='ocrx_word' id='word_1_348' title='bbox 401 3791 631 3852; x_wconf 68' lang='lat' dir='ltr'>pnremopltortnn</span> <span class='ocrx_word' id='word_1_349' title='bbox 650 3795 699 3845; x_wconf 79' lang='grc'>424</span> <span class='ocrx_word' id='word_1_350' title='bbox 723 3795 747 3840; x_wconf 88' lang='grc'>44</span> <span class='ocrx_word' id='word_1_351' title='bbox 765 3792 815 3844; x_wconf 81' lang='grc'>427</span> <span class='ocrx_word' id='word_1_352' title='bbox 832 3803 866 3839; x_wconf 81' lang='lat' dir='ltr'>en</span> <span class='ocrx_word' id='word_1_353' title='bbox 885 3790 1088 3840; x_wconf 78' lang='lat' dir='ltr'>institutionibus</span> <span class='ocrx_word' id='word_1_354' title='bbox 1110 3791 1156 3840; x_wconf 86' lang='lat' dir='ltr'>de-</span> 
     </span>
     <span class='ocr_line' id='line_1_40' title="bbox 72 3857 1156 3924; baseline -0.002 -13"><span class='ocrx_word' id='word_1_355' title='bbox 72 3861 197 3919; x_wconf 72' lang='grc' dir='ltr'><strong>4000οψ444</strong></span> <span class='ocrx_word' id='word_1_356' title='bbox 218 3858 349 3908; x_wconf 80' lang='grc'><strong>04444444</strong></span> <span class='ocrx_word' id='word_1_357' title='bbox 370 3857 381 3921; x_wconf 80' lang='grc' dir='ltr'>ΙΙ</span> <span class='ocrx_word' id='word_1_358' title='bbox 402 3861 432 3907; x_wconf 81' lang='lat' dir='ltr'>te</span> <span class='ocrx_word' id='word_1_359' title='bbox 452 3857 617 3922; x_wconf 63' lang='lat' dir='ltr'>liberentur)</span> <span class='ocrx_word' id='word_1_360' title='bbox 641 3859 689 3920; x_wconf 77' lang='grc'>00,</span> <span class='ocrx_word' id='word_1_361' title='bbox 715 3859 867 3908; x_wconf 86' lang='lat' dir='ltr'>liberantur</span> <span class='ocrx_word' id='word_1_362' title='bbox 885 3859 948 3908; x_wconf 87' lang='lat' dir='ltr'>lnst.</span> <span class='ocrx_word' id='word_1_363' title='bbox 971 3858 983 3922; x_wconf 90' lang='grc' dir='ltr'>ΙΙ</span> <span class='ocrx_word' id='word_1_364' title='bbox 1007 3863 1037 3908; x_wconf 83' lang='grc'>44</span> <span class='ocrx_word' id='word_1_365' title='bbox 1057 3871 1156 3924; x_wconf 84' lang='lat' dir='ltr'>expos-</span> 
     </span>
     <span class='ocr_line' id='line_1_41' title="bbox 75 3924 1155 3992; baseline 0.006 -23"><span class='ocrx_word' id='word_1_366' title='bbox 75 3924 177 3976; x_wconf 88' lang='lat' dir='ltr'>snimus</span> <span class='ocrx_word' id='word_1_367' title='bbox 193 3927 222 3988; x_wconf 84' lang='grc'>0,</span> <span class='ocrx_word' id='word_1_368' title='bbox 236 3927 303 3990; x_wconf 71' lang='lat' dir='ltr'>cont.</span> <span class='ocrx_word' id='word_1_369' title='bbox 322 3927 354 3976; x_wconf 66' lang='lat'>0⁸</span> <span class='ocrx_word' id='word_1_370' title='bbox 369 3941 431 3990; x_wconf 78' lang='lat' dir='ltr'>pap.</span> <span class='ocrx_word' id='word_1_371' title='bbox 445 3931 496 3980; x_wconf 83' lang='grc'>284</span> <span class='ocrx_word' id='word_1_372' title='bbox 514 3941 584 3976; x_wconf 87' lang='lat' dir='ltr'>ners.</span> <span class='ocrx_word' id='word_1_373' title='bbox 599 3932 634 3982; x_wconf 77' lang='grc'><strong>52</strong></span> <span class='ocrx_word' id='word_1_374' title='bbox 646 3941 713 3989; x_wconf 82' lang='lat' dir='ltr'>seqq.</span> <span class='ocrx_word' id='word_1_375' title='bbox 727 3927 739 3992; x_wconf 83' lang='grc' dir='ltr'>ΙΙ</span> <span class='ocrx_word' id='word_1_376' title='bbox 751 3932 783 3976; x_wconf 89' lang='grc'>20</span> <span class='ocrx_word' id='word_1_377' title='bbox 800 3924 951 3992; x_wconf 64' lang='lat' dir='ltr'>(nepltepue</span> <span class='ocrx_word' id='word_1_378' title='bbox 966 3927 994 3988; x_wconf 89' lang='grc'><strong>0,</strong></span> <span class='ocrx_word' id='word_1_379' title='bbox 1009 3931 1155 3992; x_wconf 87' lang='lat' dir='ltr'>neptesque</span> 
     </span>
     <span class='ocr_line' id='line_1_42' title="bbox 76 3988 1156 4062; baseline 0.001 -20"><span class='ocrx_word' id='word_1_380' title='bbox 76 3988 133 4042; x_wconf 80' lang='lat' dir='ltr'>inst.</span> <span class='ocrx_word' id='word_1_381' title='bbox 146 3995 158 4058; x_wconf 75' lang='lat' dir='ltr'>n</span> <span class='ocrx_word' id='word_1_382' title='bbox 170 3999 198 4045; x_wconf 91' lang='grc'>24</span> <span class='ocrx_word' id='word_1_383' title='bbox 216 3996 357 4061; x_wconf 87' lang='lat' dir='ltr'>patrissui</span> <span class='ocrx_word' id='word_1_384' title='bbox 375 3997 537 4060; x_wconf 87' lang='lat' dir='ltr'>potestatem</span> <span class='ocrx_word' id='word_1_385' title='bbox 552 3995 579 4056; x_wconf 84' lang='grc'>0,</span> <span class='ocrx_word' id='word_1_386' title='bbox 600 3999 760 4061; x_wconf 88' lang='lat' dir='ltr'>potestatem</span> <span class='ocrx_word' id='word_1_387' title='bbox 778 3998 863 4062; x_wconf 85' lang='lat' dir='ltr'>patris</span> <span class='ocrx_word' id='word_1_388' title='bbox 881 3999 923 4046; x_wconf 87' lang='lat' dir='ltr'>sui</span> <span class='ocrx_word' id='word_1_389' title='bbox 937 3997 998 4047; x_wconf 82' lang='lat' dir='ltr'>inst.</span> <span class='ocrx_word' id='word_1_390' title='bbox 1011 3995 1022 4060; x_wconf 85' lang='grc' dir='ltr'>ΙΙ</span> <span class='ocrx_word' id='word_1_391' title='bbox 1036 4000 1066 4044; x_wconf 89' lang='grc'>22</span> <span class='ocrx_word' id='word_1_392' title='bbox 1079 3996 1156 4045; x_wconf 89' lang='lat' dir='ltr'>uiuat</span> 
     </span>
     <span class='ocr_line' id='line_1_43' title="bbox 77 4056 1156 4129; baseline 0.006 -23"><span class='ocrx_word' id='word_1_393' title='bbox 77 4056 214 4124; x_wconf 80' lang='lat' dir='ltr'>Goeseten,</span> <span class='ocrx_word' id='word_1_394' title='bbox 234 4065 307 4114; x_wconf 88' lang='lat' dir='ltr'>uiuit</span> <span class='ocrx_word' id='word_1_395' title='bbox 324 4065 385 4116; x_wconf 87' lang='lat' dir='ltr'>lnst.</span> <span class='ocrx_word' id='word_1_396' title='bbox 408 4065 419 4128; x_wconf 81' lang='grc' dir='ltr'>ΙΙ</span> <span class='ocrx_word' id='word_1_397' title='bbox 444 4068 475 4113; x_wconf 82' lang='grc'><strong>23</strong></span> <span class='ocrx_word' id='word_1_398' title='bbox 496 4066 539 4115; x_wconf 91' lang='lat' dir='ltr'>sui</span> <span class='ocrx_word' id='word_1_399' title='bbox 558 4067 632 4126; x_wconf 84' lang='lat' dir='ltr'>inst,</span> <span class='ocrx_word' id='word_1_400' title='bbox 652 4079 701 4115; x_wconf 87' lang='lat' dir='ltr'>om.</span> <span class='ocrx_word' id='word_1_401' title='bbox 724 4065 743 4116; x_wconf 84' lang='lat' dir='ltr'><em>C</em></span> <span class='ocrx_word' id='word_1_402' title='bbox 764 4065 776 4129; x_wconf 86' lang='grc' dir='ltr'>ΙΙ</span> <span class='ocrx_word' id='word_1_403' title='bbox 797 4065 878 4116; x_wconf 88' lang='lat' dir='ltr'>luerit</span> <span class='ocrx_word' id='word_1_404' title='bbox 896 4065 1035 4124; x_wconf 81' lang='grc'><strong>04444444,</strong></span> <span class='ocrx_word' id='word_1_405' title='bbox 1055 4063 1156 4113; x_wconf 86' lang='lat' dir='ltr'>fuerint</span> 
     </span>
    </p>
   </div>
   <div class='ocr_carea' id='block_1_6' title="bbox 78 4124 1156 4269">
    <p class='ocr_par' dir='ltr' id='par_1_21' title="bbox 78 4124 1156 4269">
     <span class='ocr_line' id='line_1_44' title="bbox 78 4124 1156 4269; baseline -0.001 -88"><span class='ocrx_word' id='word_1_406' title='bbox 78 4124 103 4186; x_wconf 81' lang='lat' dir='ltr'>G,</span> <span class='ocrx_word' id='word_1_407' title='bbox 124 4135 166 4182; x_wconf 88' lang='lat' dir='ltr'>est</span> <span class='ocrx_word' id='word_1_408' title='bbox 184 4135 246 4184; x_wconf 80' lang='lat' dir='ltr'>inst.</span> <span class='ocrx_word' id='word_1_409' title='bbox 272 4134 284 4196; x_wconf 88' lang='grc' dir='ltr'>ΙΙ</span> <span class='ocrx_word' id='word_1_410' title='bbox 309 4136 341 4182; x_wconf 89' lang='grc'>24</span> <span class='ocrx_word' id='word_1_411' title='bbox 371 4133 470 4196; x_wconf 84' lang='lat' dir='ltr'>(petris)</span> <span class='ocrx_word' id='word_1_412' title='bbox 496 4133 537 4184; x_wconf 86' lang='lat' dir='ltr'>sui</span> <span class='ocrx_word' id='word_1_413' title='bbox 554 4136 687 4199; x_wconf 82' lang='lat' dir='ltr'>potestate</span> <span class='ocrx_word' id='word_1_414' title='bbox 709 4133 736 4196; x_wconf 86' lang='lat'>0,</span> <span class='ocrx_word' id='word_1_415' title='bbox 756 4136 887 4269; x_wconf 75' lang='lat' dir='ltr'>potestate</span> <span class='ocrx_word' id='word_1_416' title='bbox 904 4135 989 4197; x_wconf 87' lang='lat' dir='ltr'>patris</span> <span class='ocrx_word' id='word_1_417' title='bbox 1007 4134 1049 4183; x_wconf 88' lang='lat' dir='ltr'>sni</span> <span class='ocrx_word' id='word_1_418' title='bbox 1067 4133 1129 4181; x_wconf 84' lang='grc'><strong>4444.</strong></span> <span class='ocrx_word' id='word_1_419' title='bbox 1146 4129 1156 4199; x_wconf 83' lang='grc' dir='ltr'>[Ι</span> 
     </span>
    </p>
   </div>
   <div class='ocr_carea' id='block_1_7' title="bbox 77 4196 1152 4270">
    <p class='ocr_par' dir='ltr' id='par_1_22' title="bbox 77 4196 1152 4270">
     <span class='ocr_line' id='line_1_45' title="bbox 77 4196 1152 4270; baseline 0.004 -22"><span class='ocrx_word' id='word_1_420' title='bbox 77 4196 106 4244; x_wconf 74' lang='grc'>45</span> <span class='ocrx_word' id='word_1_421' title='bbox 125 4205 230 4253; x_wconf 88' lang='lat' dir='ltr'>mortus</span> <span class='ocrx_word' id='word_1_422' title='bbox 242 4203 350 4253; x_wconf 82' lang='lat' dir='ltr'>nidetnr</span> <span class='ocrx_word' id='word_1_423' title='bbox 361 4203 415 4264; x_wconf 74' lang='lat' dir='ltr'>fere</span> <span class='ocrx_word' id='word_1_424' title='bbox 426 4205 454 4252; x_wconf 81' lang='lat' dir='ltr'>in</span> <span class='ocrx_word' id='word_1_425' title='bbox 470 4202 579 4266; x_wconf 75' lang='grc'><strong>04444444</strong></span> <span class='ocrx_word' id='word_1_426' title='bbox 597 4203 608 4266; x_wconf 79' lang='lat' dir='ltr'>ll</span> <span class='ocrx_word' id='word_1_427' title='bbox 627 4207 727 4253; x_wconf 81' lang='grc'><strong>25-24</strong></span> <span class='ocrx_word' id='word_1_428' title='bbox 746 4201 754 4270; x_wconf 90' lang='lat'><strong>(</strong></span> <span class='ocrx_word' id='word_1_429' title='bbox 790 4205 889 4258; x_wconf 83' lang='lat' dir='ltr'>eddidit</span> <span class='ocrx_word' id='word_1_430' title='bbox 903 4202 1031 4251; x_wconf 77' lang='lat' dir='ltr'>Goeselten</span> <span class='ocrx_word' id='word_1_431' title='bbox 1042 4213 1076 4250; x_wconf 80' lang='lat' dir='ltr'>en</span> <span class='ocrx_word' id='word_1_432' title='bbox 1090 4201 1152 4252; x_wconf 87' lang='lat' dir='ltr'>lnst.</span> 
     </span>
    </p>
   </div>
   <div class='ocr_carea' id='block_1_8' title="bbox 0 0 1459 4764">
    <p class='ocr_par' dir='ltr' id='par_1_23' title="bbox 0 0 1459 4764">
     <span class='ocr_line' id='line_1_46' title="bbox 0 0 1459 4764; baseline 0 0"><span class='ocrx_word' id='word_1_433' title='bbox 0 0 1459 4764; x_wconf 95' lang='lat' dir='ltr'> </span> 
     </span>
    </p>
   </div>
  </div>
 </body>
</html>
