2908 4764
471 414 557 426 ...-
604 381 662 443 107
707 415 793 427 ....
992 383 1025 431 {11
1045 380 1172 446 §aa-ae

18 637 19 646 ,
42 571 72 632 23
95 569 153 630 hilo
176 570 280 650 magis
303 587 441 649 sequens
464 571 533 631 iure
557 569 694 650 legitimo
717 569 905 632 admittitur.
945 571 1023 631 ltem
1039 569 1176 632 feminae

18 661 20 730 1
92 664 219 736 agnatae
255 673 474 735 quaecumque
505 656 808 736 consanguineorum
837 655 970 736 gradum
1002 655 1170 736 excedunt,

18 743 71 834 pil
92 741 168 803 nihil
192 741 273 803 iuris
305 742 437 821 exlege
460 741 587 803 hahent.
628 741 780 804 Similiter
802 761 865 803 non
889 741 1101 807 admittuntur
1122 761 1175 804 co-

18 835 20 912 1
92 828 175 908 gnati
201 829 258 907 qui
280 845 339 908 per
361 827 506 910 feminini
534 845 632 889 sexus
661 845 813 908 personas
843 826 1079 890 necessitudine
1103 829 1176 889 iun-

18 919 20 988 }
91 921 223 994 guntur3
246 913 325 976 adeo
341 912 480 993 quidem,
498 922 534 976 ut
548 933 609 975 nec
624 913 708 975 inter
722 922 854 976 matrem
872 923 904 974 ει
919 913 1019 976 fllium
1036 912 1174 976 liliamue
1194 928 1208 974 t

18 995 19 1046 Ῡ
90 999 168 1061 ultro
192 1001 336 1080 citroque
358 997 542 1060 hereditatis
565 998 738 1080 capiendae
761 1001 811 1061 ius
834 1007 997 1080 conpetat,
1030 1008 1175 1080 praeter-

18 1047 20 1144 i
90 1103 183 1165 quam
207 1086 234 1147 si
258 1104 317 1166 per
339 1087 372 1146 in
395 1104 523 1147 manum
546 1086 787 1147 conuentionem
807 1086 1089 1166 consanguinitatis
1106 1086 1175 1147 iura

18 1179 19 1212 ³
91 1174 170 1234 inter
193 1190 248 1234 eos
271 1172 481 1234 constiterint.
1131 1193 1133 1198 ·

40 1343 70 1403 lt
146 1359 149 1364 ·
175 1342 241 1404 Sed
263 1344 321 1404 hae
345 1343 424 1404 iuris
447 1341 634 1423 iniquitates
657 1341 760 1403 edicto
783 1345 937 1423 praetoris
961 1337 1144 1406 emendatae
1166 1339 1208 1428 ii⁹

18 1439 20 1484 l
40 1429 70 1490 tt
90 1438 173 1491 sunt.
214 1430 293 1491 Nam
316 1427 430 1490 liberos
452 1429 631 1508 omnesqui
647 1429 786 1510 legitimo
802 1429 871 1490 iure
887 1428 1089 1508 deficiuntur,
1115 1443 1272 1504 uo-pg.tat

18 1489 20 1546 i
91 1525 138 1577 eat
168 1513 210 1577 ad
239 1513 466 1594 hereditatem,
498 1513 632 1595 proinde
663 1533 699 1576 ao
728 1515 756 1576 si
786 1515 819 1574 in
849 1523 1005 1595 potestate
1033 1517 1175 1595 parentis

18 1617 19 1684 l
91 1603 199 1663 mortis
225 1610 367 1681 tempore
390 1600 543 1680 luissent,
576 1601 645 1662 siue
668 1599 726 1663 soli
750 1601 815 1662 sint
837 1602 906 1662 siue
930 1603 1023 1664 etiam
1045 1603 1095 1663 sui
1118 1602 1175 1663 he-

18 1693 19 1700 *
91 1686 200 1766 redes,
236 1685 270 1748 id
293 1687 417 1766 estqui
440 1687 474 1747 in
496 1695 652 1767 potestate
674 1688 774 1767 patris
798 1685 945 1766 fuerunt,
971 1697 1172 1749 concurrant.

18 1751 225 1856 itlhpnatos
254 1781 359 1834 autem
381 1773 484 1851 capite
512 1772 690 1834 deminutos
721 1791 783 1833 non
811 1771 950 1834 secundo
981 1772 1081 1854 gradu
1103 1781 1175 1854 post

91 1878 162 1920 suos
189 1857 325 1920 heredes
352 1867 458 1937 uocat,
493 1858 526 1920 id
556 1867 604 1920 εει
633 1877 695 1920 non
726 1878 762 1920 eo
791 1859 892 1939 gradu
918 1869 1009 1920 uocat
1032 1877 1094 1938 quo
1116 1879 1176 1940 per
1194 1873 1226 1918 ts

91 1945 190 2026 legem
215 1953 418 2023 uocarentur,
446 1945 471 2006 si
496 1944 598 2025 capite
621 1945 773 2006 deminuti
795 1964 858 2006 non
881 1953 1004 2023 essent,
1021 1943 1088 2006 sed
1110 1954 1175 2007 ter-

92 2031 132 2092 tio
153 2031 368 2112 proximitatis
390 2029 532 2108 nomine,
559 2031 633 2092 licet
655 2031 739 2092 enim
763 2032 876 2111 capitis
893 2029 1110 2094 deminutione
1126 2033 1176 2110 ius

92 2115 268 2198 legitimum
290 2115 499 2196 perdiderint,
527 2125 612 2178 certe
636 2117 830 2198 cognationis
847 2117 915 2178 iura
932 2117 1082 2179 retinent.
1116 2118 1177 2179 ita-

93 2221 152 2282 que
181 2205 209 2264 si
233 2203 306 2282 quis
329 2202 410 2264 alius
433 2203 475 2264 sit
497 2204 553 2282 qui
576 2203 736 2284 integrum
759 2203 809 2264 ius
833 2204 1009 2282 agnationis
1032 2203 1171 2283 habebit,

43 2288 72 2348 it
93 2289 117 2350 is
146 2291 251 2370 potior
281 2289 357 2367 erit,
390 2288 514 2350 etiamsi
540 2289 680 2370 longiore
704 2288 806 2370 gradu
829 2287 937 2350 luerit.
985 2289 1072 2351 ldem
1096 2289 1175 2352 iuris
1193 2303 1225 2349 so

94 2384 153 2454 est,
186 2384 224 2437 ut
248 2373 377 2455 quidam
399 2382 528 2455 putant,
563 2376 595 2435 in
619 2376 688 2436 eius
711 2376 817 2456 agnati
839 2393 989 2456 persona,
1023 2375 1078 2454 qui
1101 2394 1177 2455 pro-

94 2461 177 2522 ximo
207 2469 320 2542 agnato
343 2461 507 2522 omittente
529 2459 737 2523 hereditatem
761 2459 982 2540 nihilomagis
1005 2461 1073 2522 iure
1096 2462 1177 2542 legi-

94 2548 166 2608 timo
195 2547 386 2608 admittitur.
426 2546 483 2608 sed
512 2555 586 2608 sunt
614 2548 670 2627 qui
700 2555 814 2627 putant
835 2548 920 2608 hunc
942 2544 1052 2607 eodem
1076 2546 1177 2626 gradu

95 2651 110 2694 a
137 2642 283 2713 praetore
305 2633 426 2711 uocari,
462 2650 525 2712 quo
547 2633 641 2694 etiam
664 2651 723 2714 per
744 2633 848 2713 legem
870 2633 994 2712 agnatis
1016 2630 1176 2694 hereditas

45 2717 74 2777 tt
95 2717 196 2782 datur.
240 2719 388 2782 Feminae
411 2727 495 2780 certe
517 2727 649 2799 agnatae
672 2737 753 2798 quae
777 2719 1080 2798 consanguineorum
1103 2737 1177 2798 gra·
1195 2731 1226 2778 st

95 2803 167 2866 dum
189 2803 361 2883 excedunt,
387 2806 479 2866 tertio
503 2802 604 2885 gradu
626 2814 790 2886 uocantur,
818 2803 850 2865 id
874 2813 922 2866 est
937 2805 963 2866 si
979 2821 1083 2883 neque
1099 2822 1177 2866 snus

44 2887 74 2947 30
94 2890 310 2971 hares-neque
334 2899 466 2972 agnatus
487 2890 572 2952 ullus
595 2892 665 2952 erit.
705 2890 825 2952 Eodem
846 2889 946 2970 grado
960 2899 1114 2952 uocantur
1129 2899 1178 2951 et-

96 2975 155 3038 iam
178 2995 230 3039 eae
253 2995 408 3057 personae
431 2995 514 3057 quoe
536 2995 595 3057 per
617 2975 762 3038 feminini
784 2995 880 3039 sexus
902 2993 1054 3057 personas
1077 2995 1176 3057 oopu-

45 3057 71 3118 at
97 3062 174 3126 latae
197 3072 284 3124 sunt.
323 3063 429 3125 Liberi
453 3080 578 3143 quoque
602 3061 714 3142 quiin
738 3061 887 3144 adoptiua
903 3062 1022 3124 familia
1037 3070 1118 3141 suot,
1138 3062 1177 3125 ad

95 3150 283 3211 naturalium
300 3157 468 3230 parentum
484 3148 694 3211 hereditatem
705 3149 762 3210 hoc
775 3149 885 3212 eodem
898 3148 999 3230 gradu
1010 3157 1175 3211 uocantur.
1197 3161 1228 3206 ao

45 3229 77 3292 ii
179 3235 263 3307 Quos
286 3243 393 3297 autem
408 3232 421 3318 11
433 3243 560 3316 praetor
583 3243 674 3296 uocat
693 3234 734 3297 ad
750 3234 967 3314 hereditatem,
994 3235 1026 3296 hi
1041 3233 1177 3296 heredes
1185 3245 1280 3308 pgaaa

97 3320 160 3400 ipso
182 3319 312 3401 quidem
336 3320 404 3382 iure
427 3340 490 3382 non
518 3316 522 3404 1
549 3320 646 3398 liunt3
672 3339 746 3383 nam
769 3330 894 3401 praetor
915 3319 1052 3382 heredes
1075 3320 1178 3384 lacere

827 3438 1174 3454 wvvvmawvvvxmvxw

163 3490 215 3556 §ar
239 3511 272 3536 ε
291 3493 356 3542 inst.
373 3496 396 3554 a,
413 3495 436 3554 t,
454 3495 467 3540 a
485 3491 517 3554 (a)
538 3491 549 3554 1
568 3489 625 3556 §aa
645 3511 677 3535 =
697 3494 761 3542 lnst.
774 3495 799 3552 s,
815 3496 840 3555 o,
856 3495 879 3540 a.

1124 3592 1175 3608 -tw

164 3646 297 3696 thabent
317 3646 456 3706 decoctae,
482 3645 618 3696 habentur
640 3646 683 3706 0¹¹,
705 3645 772 3708 coos.
796 3644 829 3696 Οα
843 3658 905 3709 pap.
920 3649 973 3696 506
992 3645 1002 3708 11
1028 3649 1058 3694 lt
1078 3645 1179 3696 liberos

100 3712 233 3775 decoctor,
254 3728 302 3766 eos
325 3715 352 3776 θ,
372 3714 474 3766 liberos
489 3728 539 3766 eos
556 3715 658 3764 momtlt
677 3716 818 3765 Monaesen
835 3712 846 3776 11
865 3717 896 3762 lt
911 3713 1022 3766 luerunt
1037 3713 1065 3775 G,
1085 3727 1180 3776 cepoe-

98 3786 133 3831 tae
150 3785 207 3832 tum
224 3783 335 3834 luerunt
352 3785 395 3834 oet
414 3787 584 3843 manserunt3
610 3785 692 3834 ueto
709 3783 738 3832 id
762 3787 803 3832 est
826 3785 874 3848 qui
893 3784 920 3833 in
939 3785 1072 3850 potestate
1095 3784 1179 3848 patris

98 3848 204 3901 luerunt
221 3854 287 3904 delet
306 3853 436 3903 Poleoccr
456 3853 533 3916 (conf.
556 3853 618 3904 last.
632 3857 658 3914 5,
675 3858 699 3913 l,
714 3852 739 3913 91
759 3851 770 3915 11
791 3853 821 3900 tl
841 3851 954 3904 adnatos
975 3851 994 3904 C
1010 3853 1021 3917 11
1041 3855 1072 3901 lt
1091 3853 1179 3902 demi-

99 3919 164 3982 nuti]
183 3921 279 3972 minut-i
302 3921 349 3985 Cll
369 3925 400 3970 27
419 3920 491 3972 nllus
512 3921 655 3980 Goeochco,
683 3921 764 3971 illusi
785 3920 804 3971 G
822 3919 832 3984 ll
851 3922 937 3984 gradu
958 3921 1095 3983 Goeacltco,
1117 3933 1179 3978 gra·

98 3987 171 4038 duo‘l
190 3990 209 4042 0
225 3989 235 4052 11
254 3995 286 4040 28
306 4003 354 4040 eae
376 3990 518 4052 Goereten,
541 3991 631 4040 siheae
652 3988 672 4039 C
688 3989 699 4053 11
718 3993 750 4038 2¹9
768 3987 871 4040 familia
890 3993 953 4042 sunt
972 3992 1045 4050 lost,
1064 3987 1180 4039 familias

102 4057 127 4116 G,
143 4059 207 4120 eoos.
224 4058 255 4110 C·
266 4073 327 4122 pop.
341 4063 392 4110 tol
410 4059 421 4121 11
441 4063 471 4108 tt
484 4061 621 4110 uocantur
634 4059 708 4118 lost,
728 4063 845 4109 uocatur
860 4058 894 4110 0¹¹
911 4060 922 4124 11
944 4063 971 4108 tl
989 4061 1097 4124 praetor
1111 4057 1179 4107 Goe-

99 4127 181 4188 rohen,
200 4124 260 4194 plp'r
281 4127 300 4178 O
320 4127 398 4190 (eoos.
415 4127 447 4179 Ο*
462 4141 524 4191 pop.
543 4132 594 4182 288
606 4127 678 4189 tat),
698 4131 808 4190 praetor
826 4126 901 4179 solus
918 4129 980 4178 lost.
1001 4127 1012 4190 11
1029 4126 1057 4176 hi
1078 4125 1106 4186 C,
1126 4137 1176 4175 om.

100 4194 162 4246 lost.
176 4196 186 4258 11
199 4199 228 4245 32
243 4198 300 4262 ipse
314 4197 425 4260 quidem
441 4195 469 4256 G,
489 4197 600 4260 quidem
613 4196 672 4262 ipso
686 4196 747 4246 lost.
762 4195 773 4260 11
785 4195 899 4247 heredes
914 4195 958 4256 ΟΠ,
972 4195 1099 4246 heredem
1113 4195 1175 4245 lost.
