2908 4764
474 397 560 408 —
604 362 645 425 37
688 399 774 410 .-..
976 363 1168 430 roasi-roo

12 577 13 624 j
84 551 117 613 hi
137 551 194 631 qui
217 552 401 613 nominatim
424 559 611 614 testamento
634 561 756 615 tutores
772 551 897 632 dantur,
919 553 1038 632 datiui;
1058 555 1171 634 quiex
1249 555 1250 560 ’

12 639 13 720 ξ
87 639 211 718 optione
235 647 417 718 sumuntur,
444 638 558 718 optiui.

12 724 67 784 1455
169 724 296 795 Quibus
317 733 505 786 testamento
528 725 659 804 quidem
681 733 767 786 tutor
789 725 883 788 datus
905 743 969 786 non
991 727 1042 806 sit,
1068 727 1109 787 iis
1131 747 1171 788 ox

86 811 151 891 lege
167 811 212 872 rir'r
227 805 436 896 (nautarum)
456 811 562 890 agnati
585 820 661 872 sunt
682 819 813 890 tutores,
833 811 889 891 qui
911 821 1068 874 uocantur
1090 813 1171 892 legi-

28 898 67 958 aa
86 897 162 958 timi.
211 897 294 959 Sunt
325 905 432 959 autem
454 895 560 975 agnati
581 917 641 977 per
668 897 774 960 uirilis
802 917 899 960 sexus
931 917 1084 978 personas
1117 915 1203 960 oo-5

87 983 232 1063 gnatione
255 981 368 1062 iuncti,
394 983 487 1064 quasi
509 991 632 1063 apatre
655 985 788 1063 cognati,
814 984 918 1046 ueluti
939 983 1036 1046 frater
1058 983 1170 1046 eodem

87 1078 172 1150 patre
196 1077 304 1148 natus,
340 1069 448 1132 fratris
470 1069 557 1130 filius
579 1088 721 1149 neposne
744 1089 857 1148 exeo,
884 1071 960 1131 item
982 1079 1116 1150 patruus
1139 1080 1170 1132 et

87 1155 190 1236 patrui
207 1155 220 1237 ΙΙ
236 1155 322 1218 filius
346 1165 378 1218 et
399 1175 498 1236 nepos
514 1173 555 1216 ex
570 1174 617 1217 eo.
651 1155 731 1217 athi
755 1157 812 1236 qui
834 1176 893 1236 per
910 1155 1056 1218 feminini
1071 1171 1270 1234 sexuspagse

88 1260 238 1322 personas
264 1243 448 1322 cognatione
478 1241 733 1322 coniunguntur,
770 1261 834 1304 non
865 1252 941 1304 sunt
963 1244 1079 1324 agnati,
1112 1244 1170 1306 sed

12 1373 13 1380 a
88 1328 160 1390 alias
182 1327 322 1389 naturali
345 1329 415 1390 iure
439 1327 573 1410 cognati.
606 1326 716 1408 itaque
739 1328 823 1390 inter
844 1330 1041 1390 auunculum
1064 1337 1096 1391 et
1118 1349 1170 1391 so·
1188 1345 1219 1390 to

12 1409 14 1466 i
88 1415 162 1476 roris
186 1414 290 1475 filium
317 1433 381 1475 non
410 1415 535 1495 agnatio
566 1421 628 1492 est,
663 1413 720 1476 sed
742 1415 896 1496 cognatio.
943 1417 1019 1478 item
1041 1415 1166 1496 amitae,

12 1559 14 1582 s
88 1509 272 1562 materterae
293 1500 380 1563 filius
401 1520 464 1562 non
485 1510 534 1562 est
548 1500 624 1562 mihi
639 1509 784 1580 agnatus,
811 1501 867 1562 sod
882 1511 1044 1582 cognatus,
1071 1511 1103 1562 et
1118 1503 1170 1563 in-

12 1583 13 1586 ’
88 1585 188 1648 uicem
211 1587 332 1648 scilicet
350 1607 405 1670 ego
429 1586 476 1648 illi
498 1587 608 1649 eodem
630 1585 701 1648 iure
723 1587 907 1668 coniungor,
933 1589 1010 1668 quia
1032 1589 1089 1668 qui
1111 1607 1170 1650 na-

29 1677 70 1738 itt
88 1679 234 1752 sountur',
268 1672 384 1753 patrm,
415 1693 478 1734 non
508 1675 618 1736 matris
647 1671 798 1734 familiam
825 1683 989 1735 secuntur.
1035 1677 1074 1735 Et
1094 1675 1170 1734 olim

90 1759 231 1838 quidem,
267 1767 421 1839 quantum
444 1758 484 1822 ad
506 1759 609 1840 legem
630 1759 675 1823 {1‘1
702 1759 885 1822 tabularum
915 1761 1041 1839 attinet,
1075 1760 1170 1822 etiam
1189 1775 1220 1820 tt

89 1845 223 1907 feminae
247 1854 377 1926 agnatos
400 1844 561 1908 habebant
582 1855 715 1910 tutores.
755 1846 812 1908 sed
832 1855 942 1926 postea
963 1846 1016 1908 lex
1038 1845 1171 1909 Claudia

89 1931 147 1993 lata
169 1940 229 2008 est,
256 1950 338 2011 quae
361 1932 445 2012 quod
459 1931 500 1994 ad
515 1933 649 1996 feminas
667 1933 789 2011 attinet,
817 1925 1030 2017 (agnatorum)
1053 1933 1171 1995 tutelas

90 2019 231 2093 snstnlit;
261 2019 368 2098 itaque
391 2018 552 2081 masculus
575 2021 705 2100 quidem
720 2017 859 2098 inpubes
874 2019 1004 2082 fratrem
1018 2019 1170 2099 puberem

91 2112 140 2164 aut
161 2113 313 2184 patruum
334 2105 429 2166 habet
450 2113 597 2186 tutorem,
624 2106 742 2168 femina
763 2124 840 2167 uero
863 2105 1095 2168 talem‘habere
1117 2114 1171 2166 tu-

30 2191 72 2252 tto
91 2195 183 2252 torem
205 2209 270 2251 non
292 2199 405 2270 potest.
451 2191 514 2252 Sed
546 2191 725 2272 agnationis
754 2191 885 2270 quidem
907 2192 958 2253 ius
981 2192 1093 2272 capitis
1116 2191 1171 2253 de·
1188 2205 1219 2251 no

91 2275 261 2338 minutione
291 2276 475 2357 perimitur,
513 2277 707 2357 cognationis
740 2296 817 2339 uero
848 2279 899 2340 ius
929 2297 966 2338 eo
993 2277 1084 2340 modo
1108 2297 1171 2338 non

93 2370 306 2441 commutatur,
335 2364 410 2442 quia
433 2364 540 2425 ciuilis
561 2365 639 2425 ratio
662 2363 770 2426 ciuilia
795 2364 922 2444 quidem
942 2365 1012 2424 iura
1027 2382 1171 2424 corrum-

30 2449 72 2510 i59
92 2465 161 2524 pere
182 2457 298 2528 potest,
325 2449 482 2511 naturalia
505 2469 582 2512 uero
605 2469 668 2512 non
690 2458 805 2530 potest.
853 2451 910 2512 Est
929 2458 1036 2510 autem
1059 2449 1170 2529 capitis

94 2530 258 2595 deminutio
289 2535 405 2615 prioris
432 2542 530 2598 statos
560 2537 764 2618 permutatio.
803 2555 905 2615 eaque
934 2535 1038 2596 tribus
1067 2533 1170 2595 modis

96 2618 215 2682 accidit:
242 2640 316 2682 nam
338 2631 394 2683 aut
415 2621 552 2684 maxima
575 2631 624 2684 est
646 2623 758 2703 capitis
780 2620 956 2699 deminutio,
983 2629 1039 2682 aut
1053 2620 1165 2698 minor,
1189 2635 1220 2681 25

95 2785 1169 2808 WVVMNJWWWAAWVNMMNNANVVVVWNAIVVNAMNWWNAN

156 2893 227 2958 §455
246 2894 568 2960 iere=1nst.t‚tt·pr.
588 2895 599 2958 11
617 2895 692 2961 §itt
713 2909 797 2959 usque
815 2895 850 2944 ad
869 2899 882 2944 8
902 2909 936 2945 ec
954 2909 982 2945 eo
1001 2915 1033 2938 =
1051 2896 1109 2958 Dig.
1124 2899 1166 2958 26,

97 2960 117 3019 ⁴,
131 2964 155 3024 7;
175 2977 260 3028 usque
279 2963 314 3014 ad
333 2968 372 3012 to*
384 2967 470 3025 itaque
488 2967 515 3014 et
532 2965 595 3015 inde
614 2965 648 3014 ab
670 2968 696 3013 tt
719 2967 814 3014 ornitoc
832 2963 887 3015 iere
901 2985 932 3007 =
952 2966 1057 3027 inst.·t,
1074 2968 1137 3026 tat
1160 2961 1170 3030 ΙΙ

96 3025 162 3091 §its
180 3031 234 3082 iere
254 3034 498 3095 =lnst.t‚45‚3
521 3032 532 3096 ΙΙ
553 3033 627 3099 §⁴59
648 3035 906 3098 =1nst.t‚topr.

95 3180 754 3202 vavxmmwmmmvxmmvmmumsvwwm

157 3293 165 3336 t
182 3292 343 3341 testamento
359 3290 497 3350 Goesotco,
511 3293 656 3341 testament
672 3291 700 3352 0,
714 3290 781 3353 conf.
799 3289 831 3341 0ει
840 3304 903 3353 pop.
916 3294 967 3340 505
977 3292 1042 3339 med.
1063 3289 1075 3352 tt
1094 3290 1168 3339 iiii·

99 3353 198 3420 Maces.
216 3359 320 3423 capam
335 3363 386 3411 504
403 3373 473 3409 cers.
486 3363 524 3421 i),
543 3359 691 3410 duodecim
708 3358 863 3408 tabularum
877 3359 938 3409 lost.
956 3359 967 3421 ΙΙ
987 3363 1001 3406 5
1019 3372 1069 3422 per
1080 3359 1169 3408 uirilis

96 3433 167 3475 sexus
189 3441 319 3492 personas
341 3428 501 3491 cognatione
525 3430 611 3479 iuncti
632 3429 676 3490 Cn,
702 3442 752 3493 per
775 3428 864 3478 uirilis
882 3440 963 3478 sexus
981 3428 1169 3490 cognationem

96 3494 224 3547 coniuncti
243 3498 318 3555 lost,
338 3499 384 3561 qui
402 3510 452 3562 per
468 3498 557 3548 uirilis
576 3511 657 3548 sexus
674 3510 805 3562 personas
824 3498 984 3560 cognatione
1001 3496 1086 3547 iuncti
1105 3499 1170 3546 sunt

96 3559 149 3637 Dia.
167 3565 177 3628 [Ι
196 3569 209 3614 8
229 3570 256 3616 ot
274 3579 359 3630 nepos
374 3564 401 3625 G,
421 3579 541 3630 neposne
555 3567 613 3631 Dip.
629 3567 692 3616 lost.
712 3567 723 3630 ΙΙ
741 3565 769 3616 hi
788 3567 834 3630 qui
850 3565 877 3626 0,
898 3567 945 3630 qui
956 3566 1020 3615 lost.
1038 3566 1049 3628 lt
1069 3569 1083 3613 9
1102 3578 1169 3614 con-

95 3636 232 3694 iunguntur
248 3634 286 3694 0,.
297 3637 447 3698 iunguntur
460 3635 523 3685 lost
543 3635 554 3699 11
573 3639 604 3684 tn
618 3638 779 3686 materterae
795 3635 829 3695 0;
848 3637 911 3685 tuae
926 3635 999 3694 inst,
1014 3647 1081 3696 quoe
1092 3647 1170 3685 meae

94 3709 137 3757 pro
153 3704 311 3756 materterae
329 3705 454 3754 uocabulo
466 3709 512 3760 (eso
523 3705 676 3768 glossemate
687 3705 780 3763 ociosi)
797 3705 960 3754 scabendum
972 3716 1028 3752 csse
1039 3705 1149 3754 suadent
1158 3701 1169 3770 ΙΙ

95 3769 122 3812 ⁴3
140 3771 332 3834 eminatiost,
360 3773 505 3822 scilicetsic
527 3773 554 3834 0,
581 3775 648 3837 cons.
673 3773 705 3826 0⁰
719 3786 782 3837 pop.
800 3778 853 3826 502
874 3773 884 3836 ΙΙ
906 3786 955 3835 ego
976 3771 1115 3832 Gooscteo,
1136 3786 1168 3822 eo

97 3833 114 3883 C
134 3837 144 3900 ll
164 3843 192 3888 ti
216 3843 243 3892 et
261 3843 417 3901 Motnmsen,
437 3841 490 3891 Sed
511 3841 531 3891 C
554 3842 564 3905 ΙΙ
591 3847 621 3890 47
641 3843 713 3906 qnod
736 3842 875 3903 Goescteo,
901 3855 953 3906 qne
975 3840 1019 3900 0¹¹,
1045 3841 1112 3904 conf.
1137 3841 1169 3892 Οει

92 3916 148 3968 Ρῡθ.
161 3913 209 3962 294
226 3911 274 3973 tos.
296 3910 487 3974 linguatorum
509 3913 609 3961 eddidit
633 3912 762 3962 Goesohon
785 3911 796 3973 ΙΙ
819 3914 852 3960 22
875 3911 944 3960 ratio
964 3911 1038 3970 inst,
1063 3911 1167 3960 rationo

98 3971 115 4022 C
131 3977 203 4040 (coos.
222 3979 264 4039 θα)
284 3979 295 4043 ΙΙ
313 3979 422 4043 quidem
438 3980 511 4039 lost,
532 3980 649 4044 quedam
665 3980 693 4041 Ο,
707 3980 773 4043 conf.
790 3980 894 4043 Gsspop.
908 3985 960 4033 29⁶
972 3978 1019 4040 inf.
1038 3979 1048 4042 ΙΙ
1068 3981 1098 4028 23
1113 3991 1166 4028 non

94 4045 174 4103 potest
192 4047 218 4108 O,
239 4061 294 4098 non
312 4049 405 4111 utique
420 4050 481 4098 inst.
501 4048 513 4112 ΙΙ
533 4051 563 4097 nt
584 4051 669 4098 status
688 4049 751 4099 lost.
772 4053 797 4098 ct
817 4048 899 4098 Gaios
916 4051 944 4098 io
956 4049 1015 4110 Βία.
1031 4053 1055 4106 A,
1071 4053 1095 4107 5,
1112 4053 1125 4095 t
1144 4051 1168 4095 at

95 4109 174 4165 Boett.
193 4118 226 4166 od
248 4117 309 4178 Top.
329 4123 354 4176 t,
369 4121 401 4167 ts
420 4119 492 4180 (pag.
505 4122 557 4171 502
575 4119 614 4168 ed.
635 4117 747 4178 Baiter),
768 4117 864 4181 capitis
886 4117 905 4168 G
925 4115 936 4178 ΙΙ
955 4117 1116 4180 permutatio
1137 4114 1165 4174 C,

96 4186 259 4235 commutatio
272 4187 334 4236 lost.
349 4185 403 4248 1125
418 4186 562 4236 diminutio
579 4186 717 4247 Goescten,
731 4186 843 4236 dimidia
859 4184 887 4245 0,
902 4185 969 4246 conf.
987 4183 1019 4234 01ι
1027 4197 1090 4246 pag.
1105 4185 1164 4238 274.
