<?xml version="1.0" encoding="UTF-8"?>
<!DOCTYPE html PUBLIC "-//W3C//DTD XHTML 1.0 Transitional//EN"
    "http://www.w3.org/TR/xhtml1/DTD/xhtml1-transitional.dtd">
<html xmlns="http://www.w3.org/1999/xhtml" xml:lang="en" lang="en">
 <head>
  <title>
</title>
<meta http-equiv="Content-Type" content="text/html;charset=utf-8" />
  <meta name='ocr-system' content='tesseract 3.04.00' />
  <meta name='ocr-capabilities' content='ocr_page ocr_carea ocr_par ocr_line ocrx_word'/>
</head>
<body>
  <div class='ocr_page' id='page_1' title='image "./gaiinstitvtione00kruegoog_0120.png"; bbox 0 0 2908 4764; ppageno 0'>
   <div class='ocr_carea' id='block_1_1' title="bbox 271 355 965 423">
    <p class='ocr_par' dir='ltr' id='par_1_1' title="bbox 271 355 965 423">
     <span class='ocr_line' id='line_1_1' title="bbox 271 355 965 423; baseline 0.017 -15"><span class='ocrx_word' id='word_1_1' title='bbox 271 359 294 408; x_wconf 90' lang='lat'><em>11</em></span> <span class='ocrx_word' id='word_1_2' title='bbox 315 356 477 423; x_wconf 71' lang='lat' dir='ltr'><em>§rar-rsa</em></span> <span class='ocrx_word' id='word_1_3' title='bbox 665 389 751 402; x_wconf 89' lang='grc'><em>--</em></span> <span class='ocrx_word' id='word_1_4' title='bbox 796 355 836 418; x_wconf 81' lang='grc'><em>42</em></span> <span class='ocrx_word' id='word_1_5' title='bbox 880 391 965 402; x_wconf 88' lang='lat'><em>—--</em></span> 
     </span>
    </p>
   </div>
   <div class='ocr_carea' id='block_1_2' title="bbox 186 543 1442 2691">
    <p class='ocr_par' dir='ltr' id='par_1_2' title="bbox 186 543 1442 2691">
     <span class='ocr_line' id='line_1_2' title="bbox 272 543 1357 628; baseline -0.002 -20"><span class='ocrx_word' id='word_1_6' title='bbox 272 547 369 620; x_wconf 80' lang='lat' dir='ltr'><em>locum</em></span> <span class='ocrx_word' id='word_1_7' title='bbox 406 544 589 607; x_wconf 82' lang='lat' dir='ltr'><em>succedendo</em></span> <span class='ocrx_word' id='word_1_8' title='bbox 623 549 714 626; x_wconf 83' lang='lat' dir='ltr'><em>quast</em></span> <span class='ocrx_word' id='word_1_9' title='bbox 745 545 937 628; x_wconf 79' lang='lat' dir='ltr'><em>apaasoemdo</em></span> <span class='ocrx_word' id='word_1_10' title='bbox 967 546 1045 624; x_wconf 76' lang='lat' dir='ltr'><em>fiant</em></span> <span class='ocrx_word' id='word_1_11' title='bbox 1072 543 1266 628; x_wconf 65' lang='lat' dir='ltr'><em>pareatibus</em></span> <span class='ocrx_word' id='word_1_12' title='bbox 1304 548 1357 607; x_wconf 91' lang='lat' dir='ltr'><em>sui</em></span> 
     </span>
     <span class='ocr_line' id='line_1_3' title="bbox 271 627 1358 712; baseline -0.002 -18"><span class='ocrx_word' id='word_1_13' title='bbox 271 631 417 694; x_wconf 88' lang='lat' dir='ltr'><em>heredes.</em></span> <span class='ocrx_word' id='word_1_14' title='bbox 463 642 499 694; x_wconf 87' lang='lat' dir='ltr'><em>ut</em></span> <span class='ocrx_word' id='word_1_15' title='bbox 529 651 602 694; x_wconf 89' lang='lat' dir='ltr'><em>eeoe</em></span> <span class='ocrx_word' id='word_1_16' title='bbox 632 633 659 694; x_wconf 93' lang='lat' dir='ltr'><em>si</em></span> <span class='ocrx_word' id='word_1_17' title='bbox 689 631 788 694; x_wconf 89' lang='lat' dir='ltr'><em>filium</em></span> <span class='ocrx_word' id='word_1_18' title='bbox 818 641 850 692; x_wconf 91' lang='lat' dir='ltr'><em>et</em></span> <span class='ocrx_word' id='word_1_19' title='bbox 879 649 920 692; x_wconf 75' lang='lat' dir='ltr'><em>ece</em></span> <span class='ocrx_word' id='word_1_20' title='bbox 954 649 985 692; x_wconf 92' lang='lat' dir='ltr'><em>eo</em></span> <span class='ocrx_word' id='word_1_21' title='bbox 1018 639 1148 712; x_wconf 79' lang='lat' dir='ltr'><em>nepotem</em></span> <span class='ocrx_word' id='word_1_22' title='bbox 1180 627 1358 711; x_wconf 81' lang='lat' dir='ltr'><em>aelptemue</em></span> 
     </span>
     <span class='ocr_line' id='line_1_4' title="bbox 272 713 1442 800; baseline -0.001 -21"><span class='ocrx_word' id='word_1_23' title='bbox 272 720 304 779; x_wconf 85' lang='lat' dir='ltr'><em>ia</em></span> <span class='ocrx_word' id='word_1_24' title='bbox 326 725 472 798; x_wconf 77' lang='lat' dir='ltr'><em>potestate</em></span> <span class='ocrx_word' id='word_1_25' title='bbox 494 717 636 795; x_wconf 84' lang='lat' dir='ltr'><em>habeam,</em></span> <span class='ocrx_word' id='word_1_26' title='bbox 667 719 740 798; x_wconf 84' lang='lat' dir='ltr'><em>quia</em></span> <span class='ocrx_word' id='word_1_27' title='bbox 766 717 849 797; x_wconf 82' lang='lat' dir='ltr'><em>filias</em></span> <span class='ocrx_word' id='word_1_28' title='bbox 870 716 973 799; x_wconf 81' lang='lat' dir='ltr'><em>prada</em></span> <span class='ocrx_word' id='word_1_29' title='bbox 991 717 1159 798; x_wconf 74' lang='lat' dir='ltr'><em>praeeedit,</em></span> <span class='ocrx_word' id='word_1_30' title='bbox 1189 713 1193 800; x_wconf 87' lang='grc' dir='ltr'>Ι</span> <span class='ocrx_word' id='word_1_31' title='bbox 1222 719 1248 778; x_wconf 84' lang='grc'><em>44</em></span> <span class='ocrx_word' id='word_1_32' title='bbox 1271 719 1358 779; x_wconf 86' lang='lat' dir='ltr'><em>solas</em></span> <span class='ocrx_word' id='word_1_33' title='bbox 1440 751 1442 786; x_wconf 75' lang='grc'>;</span> 
     </span>
     <span class='ocr_line' id='line_1_5' title="bbox 272 799 1442 886; baseline -0.001 -20"><span class='ocrx_word' id='word_1_34' title='bbox 272 807 345 866; x_wconf 78' lang='lat' dir='ltr'><em>tura</em></span> <span class='ocrx_word' id='word_1_35' title='bbox 369 805 421 866; x_wconf 87' lang='grc'><em>444</em></span> <span class='ocrx_word' id='word_1_36' title='bbox 440 803 560 865; x_wconf 82' lang='lat' dir='ltr'><em>heredis</em></span> <span class='ocrx_word' id='word_1_37' title='bbox 582 802 677 882; x_wconf 85' lang='lat' dir='ltr'><em>hahet,</em></span> <span class='ocrx_word' id='word_1_38' title='bbox 704 804 845 884; x_wconf 82' lang='lat' dir='ltr'><em>quamuis</em></span> <span class='ocrx_word' id='word_1_39' title='bbox 867 821 959 884; x_wconf 88' lang='lat' dir='ltr'><em>aepos</em></span> <span class='ocrx_word' id='word_1_40' title='bbox 981 800 1109 886; x_wconf 68' lang='lat' dir='ltr'><em>quotque</em></span> <span class='ocrx_word' id='word_1_41' title='bbox 1133 811 1164 864; x_wconf 88' lang='lat' dir='ltr'><em>et</em></span> <span class='ocrx_word' id='word_1_42' title='bbox 1182 803 1290 882; x_wconf 87' lang='lat' dir='ltr'><em>neptis</em></span> <span class='ocrx_word' id='word_1_43' title='bbox 1311 823 1358 865; x_wconf 80' lang='grc'><em>444</em></span> <span class='ocrx_word' id='word_1_44' title='bbox 1440 799 1442 824; x_wconf 84' lang='lat'>⁵</span> 
     </span>
     <span class='ocr_line' id='line_1_6' title="bbox 274 888 1389 971; baseline -0.005 -19"><span class='ocrx_word' id='word_1_45' title='bbox 274 909 306 952; x_wconf 92' lang='lat' dir='ltr'><em>eo</em></span> <span class='ocrx_word' id='word_1_46' title='bbox 330 891 362 951; x_wconf 81' lang='lat' dir='ltr'><em>ta</em></span> <span class='ocrx_word' id='word_1_47' title='bbox 384 889 487 951; x_wconf 91' lang='lat' dir='ltr'><em>eadem</em></span> <span class='ocrx_word' id='word_1_48' title='bbox 506 896 653 971; x_wconf 80' lang='lat' dir='ltr'><em>potestate</em></span> <span class='ocrx_word' id='word_1_49' title='bbox 675 890 751 966; x_wconf 81' lang='lat' dir='ltr'><em>simt3</em></span> <span class='ocrx_word' id='word_1_50' title='bbox 778 888 832 950; x_wconf 89' lang='lat' dir='ltr'><em>sed</em></span> <span class='ocrx_word' id='word_1_51' title='bbox 853 891 883 950; x_wconf 84' lang='lat' dir='ltr'><em>si</em></span> <span class='ocrx_word' id='word_1_52' title='bbox 893 890 976 969; x_wconf 81' lang='lat' dir='ltr'><em>filias</em></span> <span class='ocrx_word' id='word_1_53' title='bbox 991 907 1075 950; x_wconf 89' lang='lat' dir='ltr'><em>meus</em></span> <span class='ocrx_word' id='word_1_54' title='bbox 1090 907 1136 950; x_wconf 94' lang='lat' dir='ltr'><em>me</em></span> <span class='ocrx_word' id='word_1_55' title='bbox 1150 891 1221 950; x_wconf 81' lang='lat' dir='ltr'><em>uiuo</em></span> <span class='ocrx_word' id='word_1_56' title='bbox 1236 891 1389 950; x_wconf 80' lang='lat' dir='ltr'><em>morta-s</em></span> 
     </span>
     <span class='ocr_line' id='line_1_7' title="bbox 186 945 1442 1056; baseline -0.002 -18"><span class='ocrx_word' id='word_1_57' title='bbox 186 990 188 995; x_wconf 88' lang='grc'><strong><em>·</em></strong></span> <span class='ocrx_word' id='word_1_58' title='bbox 273 985 341 1056; x_wconf 87' lang='lat' dir='ltr'><em>tar,</em></span> <span class='ocrx_word' id='word_1_59' title='bbox 381 983 434 1038; x_wconf 85' lang='lat' dir='ltr'><em>out</em></span> <span class='ocrx_word' id='word_1_60' title='bbox 470 974 600 1056; x_wconf 82' lang='lat' dir='ltr'><em>qualibet</em></span> <span class='ocrx_word' id='word_1_61' title='bbox 629 980 747 1040; x_wconf 80' lang='lat' dir='ltr'><em>ratione</em></span> <span class='ocrx_word' id='word_1_62' title='bbox 783 982 875 1036; x_wconf 81' lang='lat' dir='ltr'><em>emeat</em></span> <span class='ocrx_word' id='word_1_63' title='bbox 903 975 940 1036; x_wconf 91' lang='lat' dir='ltr'><em>de</em></span> <span class='ocrx_word' id='word_1_64' title='bbox 962 983 1108 1056; x_wconf 75' lang='lat' dir='ltr'><em>potestate</em></span> <span class='ocrx_word' id='word_1_65' title='bbox 1136 993 1216 1054; x_wconf 84' lang='lat' dir='ltr'><em>mea,</em></span> <span class='ocrx_word' id='word_1_66' title='bbox 1249 976 1359 1056; x_wconf 80' lang='grc'><strong>44444444</strong></span> <span class='ocrx_word' id='word_1_67' title='bbox 1440 945 1442 1038; x_wconf 69' lang='lat' dir='ltr'><em>i</em></span> 
     </span>
     <span class='ocr_line' id='line_1_8' title="bbox 271 1057 1358 1143; baseline -0.003 -19"><span class='ocrx_word' id='word_1_68' title='bbox 271 1080 363 1142; x_wconf 83' lang='lat' dir='ltr'><em>nepos</em></span> <span class='ocrx_word' id='word_1_69' title='bbox 385 1063 520 1142; x_wconf 82' lang='lat' dir='ltr'><em>meptisue</em></span> <span class='ocrx_word' id='word_1_70' title='bbox 543 1062 575 1122; x_wconf 84' lang='lat' dir='ltr'><em>m</em></span> <span class='ocrx_word' id='word_1_71' title='bbox 598 1062 663 1124; x_wconf 85' lang='lat' dir='ltr'><em>eius</em></span> <span class='ocrx_word' id='word_1_72' title='bbox 679 1063 776 1124; x_wconf 84' lang='lat' dir='ltr'><em>locum</em></span> <span class='ocrx_word' id='word_1_73' title='bbox 791 1057 968 1143; x_wconf 77' lang='grc'><strong>4444444444,</strong></span> <span class='ocrx_word' id='word_1_74' title='bbox 994 1068 1022 1122; x_wconf 87' lang='grc'><em>44</em></span> <span class='ocrx_word' id='word_1_75' title='bbox 1036 1079 1071 1122; x_wconf 89' lang='grc'><em>44</em></span> <span class='ocrx_word' id='word_1_76' title='bbox 1088 1059 1179 1122; x_wconf 90' lang='lat' dir='ltr'><em>modo</em></span> <span class='ocrx_word' id='word_1_77' title='bbox 1194 1061 1265 1122; x_wconf 88' lang='lat' dir='ltr'><em>iura</em></span> <span class='ocrx_word' id='word_1_78' title='bbox 1281 1080 1358 1122; x_wconf 90' lang='lat' dir='ltr'><em>suo·</em></span> 
     </span>
     <span class='ocr_line' id='line_1_9' title="bbox 188 1147 1442 1230; baseline -0.005 -16"><span class='ocrx_word' id='word_1_79' title='bbox 188 1155 247 1214; x_wconf 84' lang='grc'><em>434</em></span> <span class='ocrx_word' id='word_1_80' title='bbox 272 1167 343 1210; x_wconf 90' lang='lat' dir='ltr'><em>rum</em></span> <span class='ocrx_word' id='word_1_81' title='bbox 374 1147 521 1209; x_wconf 86' lang='lat' dir='ltr'><em>heredum</em></span> <span class='ocrx_word' id='word_1_82' title='bbox 550 1149 642 1228; x_wconf 81' lang='lat' dir='ltr'><em>quasi</em></span> <span class='ocrx_word' id='word_1_83' title='bbox 668 1147 841 1230; x_wconf 76' lang='grc'><strong>4444444144</strong></span> <span class='ocrx_word' id='word_1_84' title='bbox 869 1148 1105 1209; x_wconf 79' lang='lat' dir='ltr'><em>nanciscuntur.</em></span> <span class='ocrx_word' id='word_1_85' title='bbox 1153 1147 1196 1208; x_wconf 89' lang='lat' dir='ltr'><em>Ne</em></span> <span class='ocrx_word' id='word_1_86' title='bbox 1220 1166 1296 1228; x_wconf 78' lang='lat' dir='ltr'><em>ergo</em></span> <span class='ocrx_word' id='word_1_87' title='bbox 1320 1166 1357 1208; x_wconf 91' lang='lat' dir='ltr'><em>eo</em></span> <span class='ocrx_word' id='word_1_88' title='bbox 1440 1151 1442 1208; x_wconf 80' lang='grc'><em>4</em></span> 
     </span>
     <span class='ocr_line' id='line_1_10' title="bbox 272 1229 1441 1317; baseline -0.003 -21"><span class='ocrx_word' id='word_1_89' title='bbox 272 1232 364 1296; x_wconf 89' lang='lat' dir='ltr'><em>modo</em></span> <span class='ocrx_word' id='word_1_90' title='bbox 386 1242 553 1315; x_wconf 83' lang='lat' dir='ltr'><em>rumpatur</em></span> <span class='ocrx_word' id='word_1_91' title='bbox 574 1233 651 1295; x_wconf 92' lang='lat' dir='ltr'><em>mihi</em></span> <span class='ocrx_word' id='word_1_92' title='bbox 678 1229 914 1317; x_wconf 68' lang='lat' dir='ltr'><em>tetstameutam,</em></span> <span class='ocrx_word' id='word_1_93' title='bbox 948 1234 1026 1294; x_wconf 80' lang='lat' dir='ltr'><em>siout</em></span> <span class='ocrx_word' id='word_1_94' title='bbox 1054 1234 1152 1314; x_wconf 80' lang='lat' dir='ltr'><em>ipsam</em></span> <span class='ocrx_word' id='word_1_95' title='bbox 1179 1233 1278 1313; x_wconf 80' lang='lat' dir='ltr'><em>filiam.</em></span> <span class='ocrx_word' id='word_1_96' title='bbox 1306 1233 1359 1294; x_wconf 86' lang='lat' dir='ltr'><em>uel</em></span> <span class='ocrx_word' id='word_1_97' title='bbox 1440 1233 1441 1248; x_wconf 61' lang='lat'><em>*</em></span> 
     </span>
     <span class='ocr_line' id='line_1_11' title="bbox 272 1315 1442 1404; baseline -0.003 -22"><span class='ocrx_word' id='word_1_98' title='bbox 272 1319 410 1382; x_wconf 80' lang='lat' dir='ltr'><em>heredem</em></span> <span class='ocrx_word' id='word_1_99' title='bbox 433 1319 598 1382; x_wconf 79' lang='lat' dir='ltr'><em>instituere</em></span> <span class='ocrx_word' id='word_1_100' title='bbox 620 1319 674 1380; x_wconf 93' lang='lat' dir='ltr'><em>uel</em></span> <span class='ocrx_word' id='word_1_101' title='bbox 693 1315 698 1404; x_wconf 76' lang='grc'><em>4</em></span> <span class='ocrx_word' id='word_1_102' title='bbox 718 1318 912 1382; x_wconf 80' lang='lat' dir='ltr'><em>exheredare</em></span> <span class='ocrx_word' id='word_1_103' title='bbox 935 1317 1048 1398; x_wconf 84' lang='lat' dir='ltr'><em>debeo,</em></span> <span class='ocrx_word' id='word_1_104' title='bbox 1074 1337 1115 1379; x_wconf 92' lang='lat' dir='ltr'><em>ne</em></span> <span class='ocrx_word' id='word_1_105' title='bbox 1137 1337 1199 1380; x_wconf 84' lang='lat' dir='ltr'><em>nom</em></span> <span class='ocrx_word' id='word_1_106' title='bbox 1221 1321 1291 1380; x_wconf 85' lang='lat' dir='ltr'><em>tare</em></span> <span class='ocrx_word' id='word_1_107' title='bbox 1303 1319 1359 1400; x_wconf 78' lang='lat' dir='ltr'><em>fa·</em></span> <span class='ocrx_word' id='word_1_108' title='bbox 1376 1328 1403 1372; x_wconf 90' lang='grc'><em>44</em></span> <span class='ocrx_word' id='word_1_109' title='bbox 1440 1315 1442 1328; x_wconf 46' lang='lat'>³</span> 
     </span>
     <span class='ocr_line' id='line_1_12' title="bbox 273 1402 1357 1489; baseline -0.003 -20"><span class='ocrx_word' id='word_1_110' title='bbox 273 1409 350 1469; x_wconf 79' lang='lat' dir='ltr'><em>eiam</em></span> <span class='ocrx_word' id='word_1_111' title='bbox 374 1413 594 1485; x_wconf 78' lang='lat' dir='ltr'><em>testamentum,</em></span> <span class='ocrx_word' id='word_1_112' title='bbox 619 1407 664 1467; x_wconf 83' lang='lat' dir='ltr'><em>ita</em></span> <span class='ocrx_word' id='word_1_113' title='bbox 686 1413 714 1468; x_wconf 90' lang='lat' dir='ltr'><em>et</em></span> <span class='ocrx_word' id='word_1_114' title='bbox 734 1402 886 1489; x_wconf 77' lang='grc'><strong>4444444444</strong></span> <span class='ocrx_word' id='word_1_115' title='bbox 908 1415 1077 1486; x_wconf 88' lang='lat' dir='ltr'><em>meptemue</em></span> <span class='ocrx_word' id='word_1_116' title='bbox 1101 1423 1141 1466; x_wconf 87' lang='lat' dir='ltr'><em>ex</em></span> <span class='ocrx_word' id='word_1_117' title='bbox 1164 1423 1200 1466; x_wconf 91' lang='grc' dir='ltr'><em>4ο</em></span> <span class='ocrx_word' id='word_1_118' title='bbox 1223 1423 1357 1466; x_wconf 84' lang='grc'><strong>4444444</strong></span> 
     </span>
     <span class='ocr_line' id='line_1_13' title="bbox 273 1489 1358 1572; baseline -0.003 -18"><span class='ocrx_word' id='word_1_119' title='bbox 273 1500 320 1554; x_wconf 89' lang='lat' dir='ltr'><em>est</em></span> <span class='ocrx_word' id='word_1_120' title='bbox 342 1491 421 1552; x_wconf 92' lang='lat' dir='ltr'><em>mihi</em></span> <span class='ocrx_word' id='word_1_121' title='bbox 443 1492 494 1556; x_wconf 86' lang='lat' dir='ltr'><em>uel</em></span> <span class='ocrx_word' id='word_1_122' title='bbox 515 1491 652 1554; x_wconf 86' lang='lat' dir='ltr'><em>heredem</em></span> <span class='ocrx_word' id='word_1_123' title='bbox 675 1493 832 1554; x_wconf 80' lang='lat' dir='ltr'><em>instituere</em></span> <span class='ocrx_word' id='word_1_124' title='bbox 853 1491 903 1553; x_wconf 86' lang='lat' dir='ltr'><em>met</em></span> <span class='ocrx_word' id='word_1_125' title='bbox 918 1491 1117 1570; x_wconf 79' lang='lat' dir='ltr'><em>emheredare,</em></span> <span class='ocrx_word' id='word_1_126' title='bbox 1144 1509 1182 1552; x_wconf 87' lang='lat' dir='ltr'><em>me</em></span> <span class='ocrx_word' id='word_1_127' title='bbox 1193 1489 1283 1572; x_wconf 76' lang='lat' dir='ltr'><em>forte,</em></span> <span class='ocrx_word' id='word_1_128' title='bbox 1310 1509 1358 1552; x_wconf 88' lang='lat' dir='ltr'><em>me</em></span> 
     </span>
     <span class='ocr_line' id='line_1_14' title="bbox 271 1573 1442 1660; baseline -0.001 -21"><span class='ocrx_word' id='word_1_129' title='bbox 271 1581 343 1640; x_wconf 84' lang='lat' dir='ltr'><em>mimo</em></span> <span class='ocrx_word' id='word_1_130' title='bbox 363 1578 425 1658; x_wconf 80' lang='lat' dir='ltr'><em>filio</em></span> <span class='ocrx_word' id='word_1_131' title='bbox 447 1585 582 1656; x_wconf 85' lang='lat' dir='ltr'><em>mortuo,</em></span> <span class='ocrx_word' id='word_1_132' title='bbox 608 1577 791 1640; x_wconf 76' lang='lat' dir='ltr'><em>succedendo</em></span> <span class='ocrx_word' id='word_1_133' title='bbox 814 1579 846 1639; x_wconf 84' lang='lat' dir='ltr'><em>tm</em></span> <span class='ocrx_word' id='word_1_134' title='bbox 869 1579 965 1640; x_wconf 83' lang='lat' dir='ltr'><em>torum</em></span> <span class='ocrx_word' id='word_1_135' title='bbox 988 1577 1053 1638; x_wconf 81' lang='lat' dir='ltr'><em>eius</em></span> <span class='ocrx_word' id='word_1_136' title='bbox 1074 1595 1165 1657; x_wconf 86' lang='lat' dir='ltr'><em>mepos</em></span> <span class='ocrx_word' id='word_1_137' title='bbox 1187 1573 1359 1660; x_wconf 76' lang='grc'><strong>4444444444</strong></span> <span class='ocrx_word' id='word_1_138' title='bbox 1440 1653 1442 1658; x_wconf 15' lang='grc' dir='ltr'><strong><em>Α</em></strong></span> 
     </span>
     <span class='ocr_line' id='line_1_15' title="bbox 273 1662 1442 1744; baseline 0.002 -18"><span class='ocrx_word' id='word_1_139' title='bbox 273 1665 363 1744; x_wconf 84' lang='lat' dir='ltr'><em>quasi</em></span> <span class='ocrx_word' id='word_1_140' title='bbox 386 1665 555 1744; x_wconf 82' lang='lat' dir='ltr'><em>agnatione</em></span> <span class='ocrx_word' id='word_1_141' title='bbox 570 1674 696 1744; x_wconf 87' lang='lat' dir='ltr'><em>rumpat</em></span> <span class='ocrx_word' id='word_1_142' title='bbox 712 1673 951 1742; x_wconf 88' lang='lat' dir='ltr'><em>testamentum;</em></span> <span class='ocrx_word' id='word_1_143' title='bbox 979 1662 1076 1743; x_wconf 88' lang='lat' dir='ltr'><em>idque</em></span> <span class='ocrx_word' id='word_1_144' title='bbox 1092 1663 1160 1742; x_wconf 79' lang='lat' dir='ltr'><em>lege</em></span> <span class='ocrx_word' id='word_1_145' title='bbox 1175 1663 1263 1724; x_wconf 88' lang='lat' dir='ltr'><em>Iunia</em></span> <span class='ocrx_word' id='word_1_146' title='bbox 1280 1663 1357 1724; x_wconf 87' lang='lat' dir='ltr'><em>Vel·</em></span> <span class='ocrx_word' id='word_1_147' title='bbox 1366 1663 1442 1734; x_wconf 72' lang='lat' dir='ltr'><em>pag-⁸!</em></span> 
     </span>
     <span class='ocr_line' id='line_1_16' title="bbox 272 1748 1404 1831; baseline -0.001 -20"><span class='ocrx_word' id='word_1_148' title='bbox 272 1751 343 1812; x_wconf 87' lang='lat' dir='ltr'><em>laea</em></span> <span class='ocrx_word' id='word_1_149' title='bbox 365 1751 531 1831; x_wconf 90' lang='lat' dir='ltr'><em>prouisum</em></span> <span class='ocrx_word' id='word_1_150' title='bbox 554 1759 613 1829; x_wconf 89' lang='lat' dir='ltr'><em>est,</em></span> <span class='ocrx_word' id='word_1_151' title='bbox 639 1751 673 1810; x_wconf 92' lang='lat' dir='ltr'><em>in</em></span> <span class='ocrx_word' id='word_1_152' title='bbox 697 1768 759 1829; x_wconf 87' lang='lat' dir='ltr'><em>qua</em></span> <span class='ocrx_word' id='word_1_153' title='bbox 782 1750 876 1812; x_wconf 91' lang='lat' dir='ltr'><em>simul</em></span> <span class='ocrx_word' id='word_1_154' title='bbox 899 1748 1153 1812; x_wconf 82' lang='lat' dir='ltr'><em>exheredationis</em></span> <span class='ocrx_word' id='word_1_155' title='bbox 1168 1748 1282 1810; x_wconf 89' lang='lat' dir='ltr'><em>modus</em></span> <span class='ocrx_word' id='word_1_156' title='bbox 1297 1768 1358 1809; x_wconf 90' lang='lat' dir='ltr'><em>no-</em></span> <span class='ocrx_word' id='word_1_157' title='bbox 1377 1757 1404 1804; x_wconf 82' lang='grc'><em>44</em></span> 
     </span>
     <span class='ocr_line' id='line_1_17' title="bbox 272 1832 1358 1918; baseline -0.004 -20"><span class='ocrx_word' id='word_1_158' title='bbox 272 1845 367 1915; x_wconf 87' lang='lat' dir='ltr'><em>tatur,</em></span> <span class='ocrx_word' id='word_1_159' title='bbox 400 1845 436 1898; x_wconf 89' lang='lat' dir='ltr'><em>ut</em></span> <span class='ocrx_word' id='word_1_160' title='bbox 464 1837 567 1898; x_wconf 90' lang='lat' dir='ltr'><em>uirilis</em></span> <span class='ocrx_word' id='word_1_161' title='bbox 590 1854 685 1898; x_wconf 81' lang='lat' dir='ltr'><em>sexus</em></span> <span class='ocrx_word' id='word_1_162' title='bbox 709 1832 873 1918; x_wconf 78' lang='lat' dir='ltr'><em>(postumi)</em></span> <span class='ocrx_word' id='word_1_163' title='bbox 896 1836 1098 1914; x_wconf 86' lang='lat' dir='ltr'><em>nominatim,</em></span> <span class='ocrx_word' id='word_1_164' title='bbox 1131 1833 1274 1896; x_wconf 85' lang='lat' dir='ltr'><em>feminini</em></span> <span class='ocrx_word' id='word_1_165' title='bbox 1304 1835 1358 1897; x_wconf 92' lang='lat' dir='ltr'><em>uel</em></span> 
     </span>
     <span class='ocr_line' id='line_1_18' title="bbox 272 1920 1441 2000; baseline 0 -18"><span class='ocrx_word' id='word_1_166' title='bbox 272 1923 459 1983; x_wconf 88' lang='lat' dir='ltr'><em>nominatim</em></span> <span class='ocrx_word' id='word_1_167' title='bbox 481 1923 535 1984; x_wconf 92' lang='lat' dir='ltr'><em>uel</em></span> <span class='ocrx_word' id='word_1_168' title='bbox 556 1923 641 1983; x_wconf 90' lang='lat' dir='ltr'><em>inter</em></span> <span class='ocrx_word' id='word_1_169' title='bbox 664 1931 784 1983; x_wconf 88' lang='lat' dir='ltr'><em>eeteros</em></span> <span class='ocrx_word' id='word_1_170' title='bbox 808 1921 1055 2000; x_wconf 85' lang='lat' dir='ltr'><em>exheredentur‚</em></span> <span class='ocrx_word' id='word_1_171' title='bbox 1081 1920 1157 1982; x_wconf 84' lang='lat' dir='ltr'><em>dum</em></span> <span class='ocrx_word' id='word_1_172' title='bbox 1186 1930 1294 1983; x_wconf 89' lang='lat' dir='ltr'><em>tamen</em></span> <span class='ocrx_word' id='word_1_173' title='bbox 1317 1923 1358 1982; x_wconf 91' lang='lat' dir='ltr'><em>iis</em></span> <span class='ocrx_word' id='word_1_174' title='bbox 1440 1947 1441 1960; x_wconf 57' lang='lat'>2</span> 
     </span>
     <span class='ocr_line' id='line_1_19' title="bbox 188 2006 1359 2087; baseline -0.009 -11"><span class='ocrx_word' id='word_1_175' title='bbox 188 2015 249 2076; x_wconf 84' lang='grc'><em>435</em></span> <span class='ocrx_word' id='word_1_176' title='bbox 273 2009 329 2086; x_wconf 92' lang='lat' dir='ltr'><em>qui</em></span> <span class='ocrx_word' id='word_1_177' title='bbox 351 2007 435 2068; x_wconf 89' lang='lat' dir='ltr'><em>inter</em></span> <span class='ocrx_word' id='word_1_178' title='bbox 458 2015 579 2068; x_wconf 88' lang='lat' dir='ltr'><em>eeteros</em></span> <span class='ocrx_word' id='word_1_179' title='bbox 601 2006 845 2084; x_wconf 80' lang='lat' dir='ltr'><em>exheredantur,</em></span> <span class='ocrx_word' id='word_1_180' title='bbox 877 2007 998 2086; x_wconf 90' lang='lat' dir='ltr'><em>aliquid</em></span> <span class='ocrx_word' id='word_1_181' title='bbox 1026 2008 1160 2087; x_wconf 76' lang='lat' dir='ltr'><em>legetur.</em></span> <span class='ocrx_word' id='word_1_182' title='bbox 1207 2009 1359 2068; x_wconf 80' lang='lat' dir='ltr'><em>Emanci-</em></span> 
     </span>
     <span class='ocr_line' id='line_1_20' title="bbox 272 2092 1358 2174; baseline 0 -20"><span class='ocrx_word' id='word_1_183' title='bbox 272 2101 363 2174; x_wconf 89' lang='lat' dir='ltr'><em>patos</em></span> <span class='ocrx_word' id='word_1_184' title='bbox 390 2092 506 2154; x_wconf 88' lang='lat' dir='ltr'><em>liberos</em></span> <span class='ocrx_word' id='word_1_185' title='bbox 536 2096 605 2154; x_wconf 88' lang='lat' dir='ltr'><em>iure</em></span> <span class='ocrx_word' id='word_1_186' title='bbox 635 2094 723 2154; x_wconf 83' lang='lat' dir='ltr'><em>ciuili</em></span> <span class='ocrx_word' id='word_1_187' title='bbox 752 2111 858 2172; x_wconf 89' lang='lat' dir='ltr'><em>neque</em></span> <span class='ocrx_word' id='word_1_188' title='bbox 888 2092 1024 2155; x_wconf 89' lang='lat' dir='ltr'><em>heredes</em></span> <span class='ocrx_word' id='word_1_189' title='bbox 1052 2094 1217 2158; x_wconf 85' lang='lat' dir='ltr'><em>instituere</em></span> <span class='ocrx_word' id='word_1_190' title='bbox 1248 2111 1358 2174; x_wconf 89' lang='lat' dir='ltr'><em>neque</em></span> 
     </span>
     <span class='ocr_line' id='line_1_21' title="bbox 273 2177 1441 2258; baseline 0.001 -18"><span class='ocrx_word' id='word_1_191' title='bbox 273 2177 465 2240; x_wconf 83' lang='lat' dir='ltr'><em>exheredare</em></span> <span class='ocrx_word' id='word_1_192' title='bbox 489 2197 618 2240; x_wconf 88' lang='lat' dir='ltr'><em>neeesse</em></span> <span class='ocrx_word' id='word_1_193' title='bbox 642 2189 706 2258; x_wconf 82' lang='lat' dir='ltr'><em>est,</em></span> <span class='ocrx_word' id='word_1_194' title='bbox 740 2179 814 2258; x_wconf 89' lang='lat' dir='ltr'><em>quia</em></span> <span class='ocrx_word' id='word_1_195' title='bbox 843 2197 906 2241; x_wconf 92' lang='lat' dir='ltr'><em>non</em></span> <span class='ocrx_word' id='word_1_196' title='bbox 934 2188 1009 2240; x_wconf 88' lang='lat' dir='ltr'><em>sunt</em></span> <span class='ocrx_word' id='word_1_197' title='bbox 1038 2181 1088 2241; x_wconf 91' lang='lat' dir='ltr'><em>sui</em></span> <span class='ocrx_word' id='word_1_198' title='bbox 1109 2177 1263 2256; x_wconf 90' lang='lat' dir='ltr'><em>heredes;</em></span> <span class='ocrx_word' id='word_1_199' title='bbox 1298 2179 1357 2241; x_wconf 88' lang='lat' dir='ltr'><em>sed</em></span> <span class='ocrx_word' id='word_1_200' title='bbox 1375 2189 1406 2234; x_wconf 79' lang='grc'><em>44</em></span> <span class='ocrx_word' id='word_1_201' title='bbox 1440 2193 1441 2196; x_wconf 73' lang='grc'>’</span> 
     </span>
     <span class='ocr_line' id='line_1_22' title="bbox 272 2263 1441 2347; baseline -0.001 -20"><span class='ocrx_word' id='word_1_202' title='bbox 272 2273 400 2347; x_wconf 86' lang='grc'><strong>4444444</strong></span> <span class='ocrx_word' id='word_1_203' title='bbox 414 2283 523 2326; x_wconf 91' lang='lat' dir='ltr'><em>omnes</em></span> <span class='ocrx_word' id='word_1_204' title='bbox 538 2273 602 2327; x_wconf 86' lang='lat' dir='ltr'><em>tam</em></span> <span class='ocrx_word' id='word_1_205' title='bbox 618 2264 763 2326; x_wconf 86' lang='lat' dir='ltr'><em>feminini</em></span> <span class='ocrx_word' id='word_1_206' title='bbox 780 2283 874 2344; x_wconf 88' lang='lat' dir='ltr'><em>quam</em></span> <span class='ocrx_word' id='word_1_207' title='bbox 889 2265 1056 2326; x_wconf 82' lang='lat' dir='ltr'><em>masculini</em></span> <span class='ocrx_word' id='word_1_208' title='bbox 1072 2283 1167 2326; x_wconf 83' lang='lat' dir='ltr'><em>sexus</em></span> <span class='ocrx_word' id='word_1_209' title='bbox 1182 2265 1209 2326; x_wconf 91' lang='lat' dir='ltr'><em>si</em></span> <span class='ocrx_word' id='word_1_210' title='bbox 1221 2263 1358 2326; x_wconf 89' lang='lat' dir='ltr'><em>heredes</em></span> <span class='ocrx_word' id='word_1_211' title='bbox 1440 2285 1441 2318; x_wconf 68' lang='grc'>;</span> 
     </span>
     <span class='ocr_line' id='line_1_23' title="bbox 274 2350 1355 2430; baseline -0.003 -17"><span class='ocrx_word' id='word_1_212' title='bbox 274 2371 337 2413; x_wconf 88' lang='grc'><em>444</em></span> <span class='ocrx_word' id='word_1_213' title='bbox 360 2352 575 2430; x_wconf 89' lang='lat' dir='ltr'><em>instituantur,</em></span> <span class='ocrx_word' id='word_1_214' title='bbox 603 2351 792 2413; x_wconf 85' lang='lat' dir='ltr'><em>exheredari</em></span> <span class='ocrx_word' id='word_1_215' title='bbox 806 2350 904 2428; x_wconf 89' lang='lat' dir='ltr'><em>iubet,</em></span> <span class='ocrx_word' id='word_1_216' title='bbox 931 2351 1033 2413; x_wconf 90' lang='lat' dir='ltr'><em>uirilis</em></span> <span class='ocrx_word' id='word_1_217' title='bbox 1049 2370 1144 2412; x_wconf 86' lang='lat' dir='ltr'><em>sexus</em></span> <span class='ocrx_word' id='word_1_218' title='bbox 1159 2352 1355 2428; x_wconf 78' lang='lat' dir='ltr'><em>nominatim,</em></span> 
     </span>
     <span class='ocr_line' id='line_1_24' title="bbox 273 2436 1356 2516; baseline -0.002 -16"><span class='ocrx_word' id='word_1_219' title='bbox 273 2438 418 2500; x_wconf 88' lang='lat' dir='ltr'><em>feminini</em></span> <span class='ocrx_word' id='word_1_220' title='bbox 448 2438 499 2500; x_wconf 82' lang='lat' dir='ltr'><em>uel</em></span> <span class='ocrx_word' id='word_1_221' title='bbox 526 2438 711 2500; x_wconf 90' lang='lat' dir='ltr'><em>nominatim</em></span> <span class='ocrx_word' id='word_1_222' title='bbox 741 2439 795 2499; x_wconf 91' lang='lat' dir='ltr'><em>uel</em></span> <span class='ocrx_word' id='word_1_223' title='bbox 823 2438 907 2498; x_wconf 90' lang='lat' dir='ltr'><em>inter</em></span> <span class='ocrx_word' id='word_1_224' title='bbox 936 2446 1075 2514; x_wconf 83' lang='lat' dir='ltr'><em>eeteros3</em></span> <span class='ocrx_word' id='word_1_225' title='bbox 1108 2436 1220 2516; x_wconf 89' lang='lat' dir='ltr'><em>quodsi</em></span> <span class='ocrx_word' id='word_1_226' title='bbox 1249 2455 1356 2516; x_wconf 89' lang='lat' dir='ltr'><em>neque</em></span> 
     </span>
     <span class='ocr_line' id='line_1_25' title="bbox 272 2521 1357 2604; baseline -0.002 -18"><span class='ocrx_word' id='word_1_227' title='bbox 272 2524 407 2588; x_wconf 89' lang='lat' dir='ltr'><em>heredes</em></span> <span class='ocrx_word' id='word_1_228' title='bbox 430 2525 568 2587; x_wconf 84' lang='lat' dir='ltr'><em>instituti</em></span> <span class='ocrx_word' id='word_1_229' title='bbox 591 2523 710 2587; x_wconf 78' lang='lat' dir='ltr'><em>fuerint</em></span> <span class='ocrx_word' id='word_1_230' title='bbox 731 2541 836 2603; x_wconf 90' lang='lat' dir='ltr'><em>neque</em></span> <span class='ocrx_word' id='word_1_231' title='bbox 859 2525 918 2602; x_wconf 81' lang='lat' dir='ltr'><em>ita,</em></span> <span class='ocrx_word' id='word_1_232' title='bbox 944 2532 979 2584; x_wconf 91' lang='grc'><em>44</em></span> <span class='ocrx_word' id='word_1_233' title='bbox 1002 2541 1098 2604; x_wconf 85' lang='grc'><strong>44444</strong></span> <span class='ocrx_word' id='word_1_234' title='bbox 1121 2521 1272 2600; x_wconf 83' lang='lat' dir='ltr'><em>diximus,</em></span> <span class='ocrx_word' id='word_1_235' title='bbox 1300 2542 1357 2584; x_wconf 83' lang='lat' dir='ltr'><em>ex·</em></span> 
     </span>
     <span class='ocr_line' id='line_1_26' title="bbox 272 2607 1407 2691; baseline -0.008 -19"><span class='ocrx_word' id='word_1_236' title='bbox 272 2612 425 2691; x_wconf 84' lang='lat' dir='ltr'><em>heredati,</em></span> <span class='ocrx_word' id='word_1_237' title='bbox 452 2620 578 2691; x_wconf 87' lang='lat' dir='ltr'><em>praetor</em></span> <span class='ocrx_word' id='word_1_238' title='bbox 599 2611 756 2691; x_wconf 91' lang='lat' dir='ltr'><em>promittit</em></span> <span class='ocrx_word' id='word_1_239' title='bbox 779 2608 825 2670; x_wconf 90' lang='lat' dir='ltr'><em>eis</em></span> <span class='ocrx_word' id='word_1_240' title='bbox 849 2619 956 2670; x_wconf 87' lang='lat' dir='ltr'><em>eontra</em></span> <span class='ocrx_word' id='word_1_241' title='bbox 971 2609 1095 2671; x_wconf 88' lang='lat' dir='ltr'><em>tabulas</em></span> <span class='ocrx_word' id='word_1_242' title='bbox 1109 2607 1265 2670; x_wconf 91' lang='lat' dir='ltr'><em>bonorum</em></span> <span class='ocrx_word' id='word_1_243' title='bbox 1281 2628 1357 2689; x_wconf 90' lang='lat' dir='ltr'><em>pes·</em></span> <span class='ocrx_word' id='word_1_244' title='bbox 1376 2618 1407 2664; x_wconf 79' lang='grc'><em>44</em></span> 
     </span>
    </p>
   </div>
   <div class='ocr_carea' id='block_1_3' title="bbox 270 2763 322 2780">
    <p class='ocr_par' dir='ltr' id='par_1_3' title="bbox 270 2763 322 2780">
     <span class='ocr_line' id='line_1_27' title="bbox 270 2763 322 2780; baseline 0 0"><span class='ocrx_word' id='word_1_245' title='bbox 270 2763 322 2780; x_wconf 67' lang='lat' dir='ltr'><em>mlv</em></span> 
     </span>
    </p>
   </div>
   <div class='ocr_carea' id='block_1_4' title="bbox 275 2847 1356 2982">
    <p class='ocr_par' dir='ltr' id='par_1_4' title="bbox 275 2847 1356 2982">
     <span class='ocr_line' id='line_1_28' title="bbox 342 2847 1356 2914; baseline 0 -16"><span class='ocrx_word' id='word_1_246' title='bbox 342 2849 416 2914; x_wconf 71' lang='lat' dir='ltr'><em>§tsi</em></span> <span class='ocrx_word' id='word_1_247' title='bbox 436 2863 522 2914; x_wconf 91' lang='lat' dir='ltr'><em>usque</em></span> <span class='ocrx_word' id='word_1_248' title='bbox 541 2849 575 2900; x_wconf 91' lang='lat' dir='ltr'><em>ad</em></span> <span class='ocrx_word' id='word_1_249' title='bbox 589 2854 620 2898; x_wconf 85' lang='lat' dir='ltr'><em>t5</em></span> <span class='ocrx_word' id='word_1_250' title='bbox 636 2852 773 2912; x_wconf 82' lang='lat' dir='ltr'><em>prouisam</em></span> <span class='ocrx_word' id='word_1_251' title='bbox 785 2855 823 2900; x_wconf 89' lang='lat' dir='ltr'><em>est</em></span> <span class='ocrx_word' id='word_1_252' title='bbox 841 2869 873 2892; x_wconf 81' lang='lat'><em>=</em></span> <span class='ocrx_word' id='word_1_253' title='bbox 892 2849 949 2912; x_wconf 73' lang='lat' dir='ltr'><em>Dig.</em></span> <span class='ocrx_word' id='word_1_254' title='bbox 963 2851 1005 2909; x_wconf 75' lang='lat'><em>28,</em></span> <span class='ocrx_word' id='word_1_255' title='bbox 1021 2852 1045 2910; x_wconf 82' lang='grc'><em>4,</em></span> <span class='ocrx_word' id='word_1_256' title='bbox 1061 2852 1107 2909; x_wconf 81' lang='grc'><em>43;</em></span> <span class='ocrx_word' id='word_1_257' title='bbox 1129 2847 1141 2912; x_wconf 71' lang='grc'><em>4</em></span> <span class='ocrx_word' id='word_1_258' title='bbox 1158 2851 1204 2898; x_wconf 81' lang='grc'><em>444</em></span> <span class='ocrx_word' id='word_1_259' title='bbox 1218 2862 1307 2913; x_wconf 87' lang='lat' dir='ltr'><em>usque</em></span> <span class='ocrx_word' id='word_1_260' title='bbox 1321 2848 1356 2898; x_wconf 87' lang='lat' dir='ltr'><em>ad</em></span> 
     </span>
     <span class='ocr_line' id='line_1_29' title="bbox 275 2916 1146 2982; baseline 0.001 -14"><span class='ocrx_word' id='word_1_261' title='bbox 275 2923 304 2968; x_wconf 87' lang='grc'><em>45</em></span> <span class='ocrx_word' id='word_1_262' title='bbox 324 2920 415 2968; x_wconf 86' lang='lat' dir='ltr'><em>modas</em></span> <span class='ocrx_word' id='word_1_263' title='bbox 432 2917 488 2968; x_wconf 85' lang='lat' dir='ltr'><em>iere</em></span> <span class='ocrx_word' id='word_1_264' title='bbox 507 2939 538 2961; x_wconf 96' lang='lat'>=</span> <span class='ocrx_word' id='word_1_265' title='bbox 557 2919 621 2968; x_wconf 90' lang='lat' dir='ltr'><em>Inst.</em></span> <span class='ocrx_word' id='word_1_266' title='bbox 637 2921 662 2979; x_wconf 74' lang='grc'><em>4,</em></span> <span class='ocrx_word' id='word_1_267' title='bbox 678 2922 749 2979; x_wconf 65' lang='grc'><em>444</em></span> <span class='ocrx_word' id='word_1_268' title='bbox 769 2918 780 2980; x_wconf 76' lang='lat' dir='ltr'><em>tt</em></span> <span class='ocrx_word' id='word_1_269' title='bbox 800 2916 873 2982; x_wconf 77' lang='lat' dir='ltr'><em>§tas</em></span> <span class='ocrx_word' id='word_1_270' title='bbox 894 2938 925 2960; x_wconf 93' lang='lat'>=</span> <span class='ocrx_word' id='word_1_271' title='bbox 945 2919 1008 2966; x_wconf 91' lang='lat' dir='ltr'><em>lnst.</em></span> <span class='ocrx_word' id='word_1_272' title='bbox 1024 2922 1048 2980; x_wconf 78' lang='lat'><em>2,</em></span> <span class='ocrx_word' id='word_1_273' title='bbox 1066 2921 1106 2978; x_wconf 80' lang='grc'><em>44,</em></span> <span class='ocrx_word' id='word_1_274' title='bbox 1122 2922 1146 2970; x_wconf 84' lang='grc'><em>3.</em></span> 
     </span>
    </p>
   </div>
   <div class='ocr_carea' id='block_1_5' title="bbox 274 3053 323 3068">
    <p class='ocr_par' dir='ltr' id='par_1_5' title="bbox 274 3053 323 3068">
     <span class='ocr_line' id='line_1_30' title="bbox 274 3053 323 3068; baseline 0 0"><span class='ocrx_word' id='word_1_275' title='bbox 274 3053 323 3068; x_wconf 82' lang='grc' dir='ltr'><em>ΛΛΛ</em></span> 
     </span>
    </p>
   </div>
   <div class='ocr_carea' id='block_1_6' title="bbox 207 3138 1359 4238">
    <p class='ocr_par' dir='ltr' id='par_1_6' title="bbox 272 3138 1359 3962">
     <span class='ocr_line' id='line_1_31' title="bbox 344 3138 1357 3206; baseline 0.002 -18"><span class='ocrx_word' id='word_1_276' title='bbox 344 3143 353 3187; x_wconf 90' lang='grc'><em>4</em></span> <span class='ocrx_word' id='word_1_277' title='bbox 376 3139 468 3189; x_wconf 86' lang='lat' dir='ltr'><em>locum</em></span> <span class='ocrx_word' id='word_1_278' title='bbox 489 3138 627 3202; x_wconf 83' lang='lat' dir='ltr'><em>Goeseheo,</em></span> <span class='ocrx_word' id='word_1_279' title='bbox 648 3139 709 3188; x_wconf 87' lang='lat' dir='ltr'><em>loco</em></span> <span class='ocrx_word' id='word_1_280' title='bbox 727 3140 786 3204; x_wconf 78' lang='lat' dir='ltr'><em>Dtp.</em></span> <span class='ocrx_word' id='word_1_281' title='bbox 807 3141 868 3191; x_wconf 81' lang='lat' dir='ltr'><em>last.</em></span> <span class='ocrx_word' id='word_1_282' title='bbox 890 3139 902 3202; x_wconf 83' lang='grc' dir='ltr'><em>ΙΙ</em></span> <span class='ocrx_word' id='word_1_283' title='bbox 923 3143 989 3189; x_wconf 82' lang='grc'><em>4-7</em></span> <span class='ocrx_word' id='word_1_284' title='bbox 1008 3153 1131 3202; x_wconf 85' lang='lat' dir='ltr'><em>cumpro</em></span> <span class='ocrx_word' id='word_1_285' title='bbox 1150 3153 1203 3204; x_wconf 84' lang='lat' dir='ltr'><em>que</em></span> <span class='ocrx_word' id='word_1_286' title='bbox 1221 3143 1249 3190; x_wconf 90' lang='lat' dir='ltr'><em>et</em></span> <span class='ocrx_word' id='word_1_287' title='bbox 1266 3143 1357 3206; x_wconf 87' lang='lat' dir='ltr'><em>neptis</em></span> 
     </span>
     <span class='ocr_line' id='line_1_32' title="bbox 273 3208 1358 3270; baseline 0.002 -12"><span class='ocrx_word' id='word_1_288' title='bbox 273 3209 405 3270; x_wconf 82' lang='lat' dir='ltr'><em>usquead</em></span> <span class='ocrx_word' id='word_1_289' title='bbox 428 3209 456 3258; x_wconf 95' lang='lat' dir='ltr'><em>in</em></span> <span class='ocrx_word' id='word_1_290' title='bbox 479 3209 537 3258; x_wconf 85' lang='lat' dir='ltr'><em>eius</em></span> <span class='ocrx_word' id='word_1_291' title='bbox 561 3208 652 3258; x_wconf 88' lang='lat' dir='ltr'><em>lecum</em></span> <span class='ocrx_word' id='word_1_292' title='bbox 678 3219 758 3258; x_wconf 87' lang='lat' dir='ltr'><em>sucoe</em></span> <span class='ocrx_word' id='word_1_293' title='bbox 785 3211 813 3258; x_wconf 81' lang='lat' dir='ltr'><em>io</em></span> <span class='ocrx_word' id='word_1_294' title='bbox 841 3208 992 3259; x_wconf 84' lang='lat' dir='ltr'><em>Cdaoram</em></span> <span class='ocrx_word' id='word_1_295' title='bbox 1016 3213 1116 3258; x_wconf 85' lang='lat' dir='ltr'><em>tamtam</em></span> <span class='ocrx_word' id='word_1_296' title='bbox 1139 3223 1265 3260; x_wconf 79' lang='lat' dir='ltr'><em>uersuum</em></span> <span class='ocrx_word' id='word_1_297' title='bbox 1287 3215 1358 3260; x_wconf 81' lang='lat' dir='ltr'><em>eatet</em></span> 
     </span>
     <span class='ocr_line' id='line_1_33' title="bbox 273 3278 1358 3343; baseline 0.001 -16"><span class='ocrx_word' id='word_1_298' title='bbox 273 3278 454 3340; x_wconf 67' lang='lat' dir='ltr'><em>interuallum,</em></span> <span class='ocrx_word' id='word_1_299' title='bbox 475 3279 542 3339; x_wconf 81' lang='lat' dir='ltr'><em>quod</em></span> <span class='ocrx_word' id='word_1_300' title='bbox 559 3281 645 3327; x_wconf 85' lang='lat' dir='ltr'><em>tamem</em></span> <span class='ocrx_word' id='word_1_301' title='bbox 663 3278 713 3341; x_wconf 77' lang='lat' dir='ltr'><em>tept</em></span> <span class='ocrx_word' id='word_1_302' title='bbox 730 3280 830 3339; x_wconf 83' lang='grc'><strong>4444444,</strong></span> <span class='ocrx_word' id='word_1_303' title='bbox 850 3279 975 3328; x_wconf 82' lang='lat' dir='ltr'><em>momoatta</em></span> <span class='ocrx_word' id='word_1_304' title='bbox 993 3291 1027 3327; x_wconf 85' lang='lat' dir='ltr'><em>eor</em></span> <span class='ocrx_word' id='word_1_305' title='bbox 1045 3280 1096 3339; x_wconf 88' lang='grc'><strong>444,</strong></span> <span class='ocrx_word' id='word_1_306' title='bbox 1117 3291 1182 3340; x_wconf 82' lang='lat' dir='ltr'><em>quae</em></span> <span class='ocrx_word' id='word_1_307' title='bbox 1201 3291 1235 3328; x_wconf 82' lang='lat' dir='ltr'><em>ea</em></span> <span class='ocrx_word' id='word_1_308' title='bbox 1254 3279 1314 3343; x_wconf 79' lang='lat' dir='ltr'><em>Dtp.</em></span> <span class='ocrx_word' id='word_1_309' title='bbox 1333 3283 1358 3328; x_wconf 91' lang='lat' dir='ltr'><em>et</em></span> 
     </span>
     <span class='ocr_line' id='line_1_34' title="bbox 275 3346 1358 3411; baseline 0.001 -15"><span class='ocrx_word' id='word_1_310' title='bbox 275 3347 336 3396; x_wconf 85' lang='lat' dir='ltr'><em>lost.</em></span> <span class='ocrx_word' id='word_1_311' title='bbox 357 3359 440 3408; x_wconf 80' lang='lat' dir='ltr'><em>supra</em></span> <span class='ocrx_word' id='word_1_312' title='bbox 457 3347 576 3409; x_wconf 85' lang='lat' dir='ltr'><em>suppleta</em></span> <span class='ocrx_word' id='word_1_313' title='bbox 593 3351 663 3406; x_wconf 81' lang='lat' dir='ltr'><em>suot,</em></span> <span class='ocrx_word' id='word_1_314' title='bbox 684 3360 701 3396; x_wconf 89' lang='lat' dir='ltr'><em>a</em></span> <span class='ocrx_word' id='word_1_315' title='bbox 716 3346 736 3397; x_wconf 92' lang='grc'><strong>0</strong></span> <span class='ocrx_word' id='word_1_316' title='bbox 751 3346 820 3409; x_wconf 82' lang='lat' dir='ltr'><em>falso</em></span> <span class='ocrx_word' id='word_1_317' title='bbox 831 3346 929 3409; x_wconf 80' lang='lat' dir='ltr'><em>afuisse</em></span> <span class='ocrx_word' id='word_1_318' title='bbox 941 3349 1053 3396; x_wconf 81' lang='grc'><strong>44444444</strong></span> <span class='ocrx_word' id='word_1_319' title='bbox 1072 3347 1082 3408; x_wconf 86' lang='grc' dir='ltr'><em>ΙΙ</em></span> <span class='ocrx_word' id='word_1_320' title='bbox 1101 3349 1115 3395; x_wconf 83' lang='grc'>5</span> <span class='ocrx_word' id='word_1_321' title='bbox 1135 3347 1189 3396; x_wconf 83' lang='grc'><strong>4444</strong></span> <span class='ocrx_word' id='word_1_322' title='bbox 1202 3347 1272 3411; x_wconf 73' lang='grc'><strong>4444,</strong></span> <span class='ocrx_word' id='word_1_323' title='bbox 1293 3351 1358 3397; x_wconf 84' lang='grc'><strong>4444</strong></span> 
     </span>
     <span class='ocr_line' id='line_1_35' title="bbox 274 3415 1357 3479; baseline 0.002 -15"><span class='ocrx_word' id='word_1_324' title='bbox 274 3416 337 3464; x_wconf 82' lang='lat' dir='ltr'><em>last.</em></span> <span class='ocrx_word' id='word_1_325' title='bbox 358 3415 518 3478; x_wconf 65' lang='lat' dir='ltr'><em>timedatur</em></span> <span class='ocrx_word' id='word_1_326' title='bbox 535 3416 610 3475; x_wconf 81' lang='grc'><strong>1444,</strong></span> <span class='ocrx_word' id='word_1_327' title='bbox 631 3416 761 3465; x_wconf 89' lang='lat' dir='ltr'><em>morietur</em></span> <span class='ocrx_word' id='word_1_328' title='bbox 779 3415 838 3479; x_wconf 73' lang='lat' dir='ltr'><em>Dia.</em></span> <span class='ocrx_word' id='word_1_329' title='bbox 862 3415 873 3479; x_wconf 90' lang='grc' dir='ltr'><em>ΙΙ</em></span> <span class='ocrx_word' id='word_1_330' title='bbox 898 3421 912 3465; x_wconf 84' lang='grc'>6</span> <span class='ocrx_word' id='word_1_331' title='bbox 932 3415 1052 3479; x_wconf 88' lang='lat' dir='ltr'><em>qualibet</em></span> <span class='ocrx_word' id='word_1_332' title='bbox 1070 3415 1142 3478; x_wconf 72' lang='grc'><strong>4444,</strong></span> <span class='ocrx_word' id='word_1_333' title='bbox 1162 3415 1285 3478; x_wconf 89' lang='lat' dir='ltr'><em>qualibet</em></span> <span class='ocrx_word' id='word_1_334' title='bbox 1303 3417 1357 3466; x_wconf 82' lang='lat' dir='ltr'><em>atta</em></span> 
     </span>
     <span class='ocr_line' id='line_1_36' title="bbox 274 3482 1359 3551; baseline 0.001 -18"><span class='ocrx_word' id='word_1_335' title='bbox 274 3483 363 3546; x_wconf 80' lang='grc'><strong>444441</strong></span> <span class='ocrx_word' id='word_1_336' title='bbox 383 3488 396 3532; x_wconf 82' lang='grc'><strong>7</strong></span> <span class='ocrx_word' id='word_1_337' title='bbox 417 3484 507 3535; x_wconf 87' lang='lat' dir='ltr'><em>laeum</em></span> <span class='ocrx_word' id='word_1_338' title='bbox 527 3485 600 3544; x_wconf 83' lang='grc'><strong>4444,</strong></span> <span class='ocrx_word' id='word_1_339' title='bbox 620 3483 680 3534; x_wconf 88' lang='lat' dir='ltr'><em>loeo</em></span> <span class='ocrx_word' id='word_1_340' title='bbox 699 3484 759 3548; x_wconf 79' lang='lat' dir='ltr'><em>Dtp.</em></span> <span class='ocrx_word' id='word_1_341' title='bbox 781 3485 825 3547; x_wconf 81' lang='grc'><em>419</em></span> <span class='ocrx_word' id='word_1_342' title='bbox 845 3487 986 3549; x_wconf 85' lang='lat' dir='ltr'><em>rumpatur</em></span> <span class='ocrx_word' id='word_1_343' title='bbox 1008 3484 1042 3535; x_wconf 81' lang='lat'><em>01¹</em></span> <span class='ocrx_word' id='word_1_344' title='bbox 1055 3485 1128 3542; x_wconf 81' lang='grc'><strong>4444,</strong></span> <span class='ocrx_word' id='word_1_345' title='bbox 1149 3487 1259 3549; x_wconf 88' lang='lat' dir='ltr'><em>rumpat</em></span> <span class='ocrx_word' id='word_1_346' title='bbox 1271 3485 1332 3548; x_wconf 80' lang='lat' dir='ltr'><em>Dtp.</em></span> <span class='ocrx_word' id='word_1_347' title='bbox 1347 3482 1359 3551; x_wconf 81' lang='grc' dir='ltr'><em>ΙΙ</em></span> 
     </span>
     <span class='ocr_line' id='line_1_37' title="bbox 275 3553 1358 3617; baseline 0.003 -16"><span class='ocrx_word' id='word_1_348' title='bbox 275 3557 305 3601; x_wconf 89' lang='grc'><em>44</em></span> <span class='ocrx_word' id='word_1_349' title='bbox 324 3553 490 3604; x_wconf 82' lang='lat' dir='ltr'><em>exheredare</em></span> <span class='ocrx_word' id='word_1_350' title='bbox 513 3553 540 3614; x_wconf 86' lang='grc'><em>0,</em></span> <span class='ocrx_word' id='word_1_351' title='bbox 560 3553 724 3604; x_wconf 87' lang='lat' dir='ltr'><em>exheredare</em></span> <span class='ocrx_word' id='word_1_352' title='bbox 742 3553 902 3603; x_wconf 88' lang='lat' dir='ltr'><em>nominatim</em></span> <span class='ocrx_word' id='word_1_353' title='bbox 923 3553 992 3617; x_wconf 72' lang='grc'><strong>4444,</strong></span> <span class='ocrx_word' id='word_1_354' title='bbox 1013 3553 1171 3603; x_wconf 84' lang='lat' dir='ltr'><em>nominatim</em></span> <span class='ocrx_word' id='word_1_355' title='bbox 1191 3553 1358 3604; x_wconf 84' lang='lat' dir='ltr'><em>exheredare</em></span> 
     </span>
     <span class='ocr_line' id='line_1_38' title="bbox 275 3621 1357 3687; baseline 0.002 -16"><span class='ocrx_word' id='word_1_356' title='bbox 275 3623 337 3672; x_wconf 81' lang='grc'><strong>4444.</strong></span> <span class='ocrx_word' id='word_1_357' title='bbox 359 3621 370 3684; x_wconf 84' lang='grc' dir='ltr'><em>ΙΙ</em></span> <span class='ocrx_word' id='word_1_358' title='bbox 393 3626 419 3671; x_wconf 89' lang='grc'><em>44</em></span> <span class='ocrx_word' id='word_1_359' title='bbox 442 3625 586 3687; x_wconf 88' lang='lat' dir='ltr'><em>neptemue</em></span> <span class='ocrx_word' id='word_1_360' title='bbox 605 3622 665 3686; x_wconf 77' lang='lat' dir='ltr'><em>Dtp.</em></span> <span class='ocrx_word' id='word_1_361' title='bbox 687 3623 763 3682; x_wconf 78' lang='grc'><strong>4444,</strong></span> <span class='ocrx_word' id='word_1_362' title='bbox 787 3621 831 3672; x_wconf 91' lang='lat' dir='ltr'><em>uel</em></span> <span class='ocrx_word' id='word_1_363' title='bbox 850 3623 1012 3687; x_wconf 85' lang='lat' dir='ltr'><em>neptemue‘t</em></span> <span class='ocrx_word' id='word_1_364' title='bbox 1033 3621 1067 3673; x_wconf 78' lang='lat'><em>0¹¹</em></span> <span class='ocrx_word' id='word_1_365' title='bbox 1090 3621 1101 3684; x_wconf 83' lang='grc'><em>44</em></span> <span class='ocrx_word' id='word_1_366' title='bbox 1126 3625 1224 3670; x_wconf 79' lang='grc'><strong>44-43</strong></span> <span class='ocrx_word' id='word_1_367' title='bbox 1242 3635 1293 3684; x_wconf 88' lang='lat' dir='ltr'><em>pro</em></span> <span class='ocrx_word' id='word_1_368' title='bbox 1310 3623 1357 3673; x_wconf 86' lang='lat' dir='ltr'><em>uel</em></span> 
     </span>
     <span class='ocr_line' id='line_1_39' title="bbox 274 3689 1359 3756; baseline 0.002 -16"><span class='ocrx_word' id='word_1_369' title='bbox 274 3691 402 3741; x_wconf 87' lang='lat' dir='ltr'><em>heredem</em></span> <span class='ocrx_word' id='word_1_370' title='bbox 419 3717 454 3726; x_wconf 91' lang='lat'><em>-</em></span> <span class='ocrx_word' id='word_1_371' title='bbox 471 3692 594 3756; x_wconf 87' lang='lat' dir='ltr'><em>neptisue</em></span> <span class='ocrx_word' id='word_1_372' title='bbox 618 3692 750 3753; x_wconf 79' lang='lat' dir='ltr'><em>attqaamo</em></span> <span class='ocrx_word' id='word_1_373' title='bbox 775 3695 836 3752; x_wconf 87' lang='lat' dir='ltr'><em>(uma</em></span> <span class='ocrx_word' id='word_1_374' title='bbox 858 3691 914 3753; x_wconf 79' lang='grc'><strong>4444</strong></span> <span class='ocrx_word' id='word_1_375' title='bbox 936 3692 1026 3752; x_wconf 85' lang='lat' dir='ltr'><em>uersu)</em></span> <span class='ocrx_word' id='word_1_376' title='bbox 1043 3692 1124 3755; x_wconf 87' lang='lat' dir='ltr'><em>ptura</em></span> <span class='ocrx_word' id='word_1_377' title='bbox 1147 3692 1174 3739; x_wconf 83' lang='grc'><em>444</em></span> <span class='ocrx_word' id='word_1_378' title='bbox 1195 3689 1214 3740; x_wconf 91' lang='grc'><strong>0</strong></span> <span class='ocrx_word' id='word_1_379' title='bbox 1233 3691 1359 3754; x_wconf 75' lang='lat' dir='ltr'><em>(fortasse</em></span> 
     </span>
     <span class='ocr_line' id='line_1_40' title="bbox 272 3758 1359 3825; baseline -0.001 -15"><span class='ocrx_word' id='word_1_380' title='bbox 272 3759 350 3822; x_wconf 78' lang='lat' dir='ltr'><em>salso)</em></span> <span class='ocrx_word' id='word_1_381' title='bbox 369 3761 467 3821; x_wconf 83' lang='grc'><strong>4444444</strong></span> <span class='ocrx_word' id='word_1_382' title='bbox 483 3759 564 3822; x_wconf 74' lang='lat' dir='ltr'><em>faisse</em></span> <span class='ocrx_word' id='word_1_383' title='bbox 575 3762 652 3822; x_wconf 81' lang='lat' dir='ltr'><em>spatii</em></span> <span class='ocrx_word' id='word_1_384' title='bbox 664 3762 818 3822; x_wconf 84' lang='lat' dir='ltr'><em>omupatatto</em></span> <span class='ocrx_word' id='word_1_385' title='bbox 831 3761 917 3820; x_wconf 86' lang='lat' dir='ltr'><em>doeet;</em></span> <span class='ocrx_word' id='word_1_386' title='bbox 936 3760 1004 3822; x_wconf 76' lang='lat' dir='ltr'><em>comt.</em></span> <span class='ocrx_word' id='word_1_387' title='bbox 1018 3763 1096 3810; x_wconf 86' lang='lat' dir='ltr'><em>ettam</em></span> <span class='ocrx_word' id='word_1_388' title='bbox 1111 3758 1152 3810; x_wconf 72' lang='lat'><em>0²⁵</em></span> <span class='ocrx_word' id='word_1_389' title='bbox 1170 3758 1181 3820; x_wconf 83' lang='grc'><em>14</em></span> <span class='ocrx_word' id='word_1_390' title='bbox 1201 3761 1232 3808; x_wconf 86' lang='grc'><em>44</em></span> <span class='ocrx_word' id='word_1_391' title='bbox 1246 3763 1359 3825; x_wconf 85' lang='lat' dir='ltr'><em>rumpat</em></span> 
     </span>
     <span class='ocr_line' id='line_1_41' title="bbox 277 3826 1357 3893; baseline 0.002 -15"><span class='ocrx_word' id='word_1_392' title='bbox 277 3827 296 3878; x_wconf 92' lang='grc'><strong>0</strong></span> <span class='ocrx_word' id='word_1_393' title='bbox 314 3829 385 3891; x_wconf 70' lang='lat' dir='ltr'><em>Dia,</em></span> <span class='ocrx_word' id='word_1_394' title='bbox 410 3831 540 3892; x_wconf 86' lang='lat' dir='ltr'><em>rumpant</em></span> <span class='ocrx_word' id='word_1_395' title='bbox 558 3829 622 3878; x_wconf 82' lang='lat' dir='ltr'><em>tart.</em></span> <span class='ocrx_word' id='word_1_396' title='bbox 648 3827 659 3890; x_wconf 80' lang='grc' dir='ltr'><em>ΙΙ</em></span> <span class='ocrx_word' id='word_1_397' title='bbox 684 3829 742 3892; x_wconf 84' lang='lat' dir='ltr'><em>tege</em></span> <span class='ocrx_word' id='word_1_398' title='bbox 762 3829 821 3891; x_wconf 77' lang='lat' dir='ltr'><em>Dia.</em></span> <span class='ocrx_word' id='word_1_399' title='bbox 844 3829 917 3886; x_wconf 83' lang='lat' dir='ltr'><em>tost.,</em></span> <span class='ocrx_word' id='word_1_400' title='bbox 942 3827 1029 3890; x_wconf 81' lang='lat' dir='ltr'><em>legem</em></span> <span class='ocrx_word' id='word_1_401' title='bbox 1051 3827 1070 3879; x_wconf 90' lang='grc'><strong>0</strong></span> <span class='ocrx_word' id='word_1_402' title='bbox 1088 3828 1098 3891; x_wconf 89' lang='grc' dir='ltr'><em>ΙΙ</em></span> <span class='ocrx_word' id='word_1_403' title='bbox 1117 3826 1205 3877; x_wconf 88' lang='lat' dir='ltr'><em>uellea</em></span> <span class='ocrx_word' id='word_1_404' title='bbox 1227 3828 1262 3879; x_wconf 82' lang='lat'><em>0¹¹</em></span> <span class='ocrx_word' id='word_1_405' title='bbox 1282 3829 1357 3893; x_wconf 69' lang='lat' dir='ltr'><em>Dia„</em></span> 
     </span>
     <span class='ocr_line' id='line_1_42' title="bbox 273 3893 1355 3962; baseline 0.001 -15"><span class='ocrx_word' id='word_1_406' title='bbox 273 3897 371 3948; x_wconf 88' lang='lat' dir='ltr'><em>uelleia</em></span> <span class='ocrx_word' id='word_1_407' title='bbox 395 3897 456 3946; x_wconf 84' lang='lat' dir='ltr'><em>last.</em></span> <span class='ocrx_word' id='word_1_408' title='bbox 476 3893 486 3962; x_wconf 76' lang='grc'><em>14</em></span> <span class='ocrx_word' id='word_1_409' title='bbox 512 3900 542 3946; x_wconf 84' lang='grc'><em>48</em></span> <span class='ocrx_word' id='word_1_410' title='bbox 568 3898 753 3960; x_wconf 84' lang='lat' dir='ltr'><em>emancipatos</em></span> <span class='ocrx_word' id='word_1_411' title='bbox 777 3897 850 3957; x_wconf 82' lang='grc'><strong>4444,</strong></span> <span class='ocrx_word' id='word_1_412' title='bbox 876 3897 1043 3961; x_wconf 79' lang='lat' dir='ltr'><em>mancipatos</em></span> <span class='ocrx_word' id='word_1_413' title='bbox 1071 3896 1168 3960; x_wconf 79' lang='grc'><strong>04124</strong></span> <span class='ocrx_word' id='word_1_414' title='bbox 1193 3899 1355 3948; x_wconf 87' lang='lat' dir='ltr'><em>nominatim</em></span> 
     </span>
    </p>

    <p class='ocr_par' dir='ltr' id='par_1_7' title="bbox 207 3963 1358 4238">
     <span class='ocr_line' id='line_1_43' title="bbox 207 3963 1354 4030; baseline 0.001 -14"><span class='ocrx_word' id='word_1_415' title='bbox 207 3981 210 3987; x_wconf 45' lang='lat' dir='ltr'><em>s</em></span> <span class='ocrx_word' id='word_1_416' title='bbox 274 3967 348 4030; x_wconf 81' lang='grc'><strong>4444,</strong></span> <span class='ocrx_word' id='word_1_417' title='bbox 370 3965 566 4016; x_wconf 88' lang='lat' dir='ltr'><em>nonomiuatim</em></span> <span class='ocrx_word' id='word_1_418' title='bbox 587 3963 703 4028; x_wconf 75' lang='grc'><strong>044444.</strong></span> <span class='ocrx_word' id='word_1_419' title='bbox 727 3965 758 4016; x_wconf 79' lang='grc'><em>04</em></span> <span class='ocrx_word' id='word_1_420' title='bbox 773 3979 837 4030; x_wconf 78' lang='lat' dir='ltr'><em>pap.</em></span> <span class='ocrx_word' id='word_1_421' title='bbox 851 3969 900 4020; x_wconf 80' lang='lat' dir='ltr'><em>mr</em></span> <span class='ocrx_word' id='word_1_422' title='bbox 919 3978 988 4014; x_wconf 85' lang='lat' dir='ltr'><em>aers.</em></span> <span class='ocrx_word' id='word_1_423' title='bbox 1003 3967 1048 4026; x_wconf 78' lang='lat' dir='ltr'><em>te)</em></span> <span class='ocrx_word' id='word_1_424' title='bbox 1068 3965 1127 4028; x_wconf 75' lang='grc'><strong>1443</strong></span> <span class='ocrx_word' id='word_1_425' title='bbox 1146 3964 1192 4014; x_wconf 90' lang='grc'><em>444</em></span> <span class='ocrx_word' id='word_1_426' title='bbox 1212 3967 1257 4028; x_wconf 81' lang='lat' dir='ltr'><em>(ao</em></span> <span class='ocrx_word' id='word_1_427' title='bbox 1276 3967 1354 4030; x_wconf 87' lang='lat' dir='ltr'><em>uero)</em></span> 
     </span>
     <span class='ocr_line' id='line_1_44' title="bbox 274 4031 1358 4099; baseline 0.001 -14"><span class='ocrx_word' id='word_1_428' title='bbox 274 4035 435 4086; x_wconf 83' lang='lat' dir='ltr'><em>nominatim</em></span> <span class='ocrx_word' id='word_1_429' title='bbox 453 4033 498 4084; x_wconf 91' lang='lat' dir='ltr'><em>uel</em></span> <span class='ocrx_word' id='word_1_430' title='bbox 520 4033 564 4095; x_wconf 72' lang='lat' dir='ltr'><em>Cn,</em></span> <span class='ocrx_word' id='word_1_431' title='bbox 584 4044 650 4084; x_wconf 89' lang='lat' dir='ltr'><em>uero</em></span> <span class='ocrx_word' id='word_1_432' title='bbox 669 4031 695 4085; x_wconf 81' lang='lat' dir='ltr'><em>et&#39;</em></span> <span class='ocrx_word' id='word_1_433' title='bbox 713 4035 776 4085; x_wconf 84' lang='lat' dir='ltr'><em>lost.</em></span> <span class='ocrx_word' id='word_1_434' title='bbox 796 4034 806 4097; x_wconf 85' lang='grc' dir='ltr'><em>ΙΙ</em></span> <span class='ocrx_word' id='word_1_435' title='bbox 826 4037 857 4084; x_wconf 80' lang='lat' dir='ltr'><em>et</em></span> <span class='ocrx_word' id='word_1_436' title='bbox 877 4033 997 4098; x_wconf 75' lang='lat' dir='ltr'><em>suprad,</em></span> <span class='ocrx_word' id='word_1_437' title='bbox 1019 4036 1147 4086; x_wconf 81' lang='lat' dir='ltr'><em>emtast.</em></span> <span class='ocrx_word' id='word_1_438' title='bbox 1165 4034 1225 4095; x_wconf 78' lang='grc'><strong>4145</strong></span> <span class='ocrx_word' id='word_1_439' title='bbox 1243 4040 1358 4099; x_wconf 86' lang='grc'><strong>4444444</strong></span> 
     </span>
     <span class='ocr_line' id='line_1_45' title="bbox 273 4101 1358 4168; baseline 0.003 -15"><span class='ocrx_word' id='word_1_440' title='bbox 273 4105 406 4168; x_wconf 86' lang='lat' dir='ltr'><em>promittit</em></span> <span class='ocrx_word' id='word_1_441' title='bbox 424 4104 463 4154; x_wconf 89' lang='lat' dir='ltr'><em>eis</em></span> <span class='ocrx_word' id='word_1_442' title='bbox 483 4101 526 4165; x_wconf 83' lang='lat'>0¹¹,</span> <span class='ocrx_word' id='word_1_443' title='bbox 550 4103 683 4167; x_wconf 87' lang='lat' dir='ltr'><em>promittit</em></span> <span class='ocrx_word' id='word_1_444' title='bbox 699 4106 810 4167; x_wconf 89' lang='lat' dir='ltr'><em>praetor</em></span> <span class='ocrx_word' id='word_1_445' title='bbox 827 4104 866 4154; x_wconf 90' lang='lat' dir='ltr'><em>eis</em></span> <span class='ocrx_word' id='word_1_446' title='bbox 886 4104 923 4164; x_wconf 84' lang='lat' dir='ltr'><em>(ta</em></span> <span class='ocrx_word' id='word_1_447' title='bbox 941 4103 999 4154; x_wconf 88' lang='grc'><strong>44444</strong></span> <span class='ocrx_word' id='word_1_448' title='bbox 1017 4105 1144 4154; x_wconf 77' lang='lat' dir='ltr'><em>codicibus</em></span> <span class='ocrx_word' id='word_1_449' title='bbox 1163 4103 1358 4156; x_wconf 76' lang='lat' dir='ltr'><em>Institutionum</em></span> 
     </span>
     <span class='ocr_line' id='line_1_46' title="bbox 273 4171 1285 4238; baseline 0.003 -16"><span class='ocrx_word' id='word_1_450' title='bbox 273 4175 408 4238; x_wconf 87' lang='lat' dir='ltr'><em>promittit</em></span> <span class='ocrx_word' id='word_1_451' title='bbox 426 4173 465 4224; x_wconf 89' lang='lat' dir='ltr'><em>eis</em></span> <span class='ocrx_word' id='word_1_452' title='bbox 482 4172 601 4238; x_wconf 85' lang='lat' dir='ltr'><em>praetor)</em></span> <span class='ocrx_word' id='word_1_453' title='bbox 622 4172 684 4223; x_wconf 82' lang='grc'><strong>4444.</strong></span> <span class='ocrx_word' id='word_1_454' title='bbox 704 4171 839 4234; x_wconf 74' lang='grc'><strong>4144444444</strong></span> <span class='ocrx_word' id='word_1_455' title='bbox 861 4171 905 4232; x_wconf 75' lang='grc'><em>04,</em></span> <span class='ocrx_word' id='word_1_456' title='bbox 925 4171 1030 4222; x_wconf 86' lang='lat' dir='ltr'><em>tabulas</em></span> <span class='ocrx_word' id='word_1_457' title='bbox 1050 4173 1200 4224; x_wconf 83' lang='lat' dir='ltr'><em>testamenti</em></span> <span class='ocrx_word' id='word_1_458' title='bbox 1219 4172 1285 4224; x_wconf 81' lang='grc'><strong>4444.</strong></span> 
     </span>
    </p>
   </div>
   <div class='ocr_carea' id='block_1_7' title="bbox 0 0 1458 4764">
    <p class='ocr_par' dir='ltr' id='par_1_8' title="bbox 0 0 1458 4764">
     <span class='ocr_line' id='line_1_47' title="bbox 0 0 1458 4764; baseline 0 0"><span class='ocrx_word' id='word_1_459' title='bbox 0 0 1458 4764; x_wconf 95' lang='lat' dir='ltr'><em> </em></span> 
     </span>
    </p>
   </div>
  </div>
 </body>
</html>
