2908 4764
458 426 543 436 -..
588 391 628 454 35
672 424 758 437 ...
959 389 1163 456 44444-444,

86 581 151 641 nihil
171 579 261 641 nohis
276 577 289 664 11
306 581 531 642 contumeliose
547 579 651 643 iacere
667 581 780 658 licere;
805 581 946 660 alioquin
962 579 1152 643 iniuriarum
1162 590 1255 654 44444

86 665 256 728 tenebimur.
303 685 339 729 ac
368 686 409 728 ne
443 665 500 728 diu
523 667 652 746 quidem
675 667 709 726 in
733 685 769 727 eo
793 669 864 728 iure
888 666 1075 728 detinentur
1097 667 1154 729 ho—

86 753 188 828 mines,
225 751 282 814 sed
310 753 501 832 plerumque
532 753 590 814 hoc
613 753 648 813 lit
670 751 750 814 diois
773 755 876 833 gratio
897 772 961 814 uno
983 763 1150 832 momento,

24 881 26 888 1
86 838 136 900 nisi
156 838 274 900 sedicet
296 857 337 900 ex
358 838 466 902 noxali
488 858 583 901 causa
605 839 837 919 mancipentur.

157 926 362 986 Transeamus
377 944 464 987 nunc
479 924 519 988 ad
535 925 629 988 aliam
644 924 848 988 diuisionem.
874 943 947 986 nam
963 943 1003 986 ex
1018 925 1068 986 his
1080 944 1155 1006 per·
1173 941 1187 988 5

87 1011 157 1072 sonis
171 1029 251 1090 quae
263 1030 368 1090 neque
385 1013 419 1072 in
436 1019 591 1092 potestate
606 1030 713 1091 neque
734 1009 767 1072 in
783 1031 880 1074 manu
896 1030 1001 1092 neque
1015 1011 1046 1072 in
1063 1030 1154 1072 man-

88 1096 155 1176 cipio
176 1106 261 1176 sunt,
287 1097 444 1177 quaedam
466 1099 520 1160 uel
542 1097 575 1158 in
597 1098 698 1160 tutela
727 1107 804 1158 sunt
833 1098 887 1160 uel
915 1096 949 1158 in
979 1092 1151 1176 curatione,

88 1181 226 1260 quaedam
248 1193 362 1245 neutro
390 1183 461 1246 iure
494 1193 656 1246 tenentur.
704 1182 874 1246 uideamus
897 1184 996 1262 igitur
1017 1202 1099 1263 quae
1122 1184 1155 1244 in

88 1269 180 1348 tutela,
207 1288 290 1348 quae
313 1270 345 1330 in
369 1271 530 1331 curatione
553 1271 634 1348 sint3
661 1270 704 1330 ita
727 1271 811 1330 enim
830 1270 1052 1348 intellegemus
1070 1277 1156 1332 cete-

24 1347 71 1408 444
89 1372 132 1415 ras
150 1375 298 1435 personas
321 1375 403 1436 quae
425 1365 538 1418 neutro
561 1357 631 1418 iure
653 1365 816 1418 tenentur.
862 1354 908 1417 Ac
933 1355 1025 1436 prius
1054 1355 1157 1436 dispi-
1174 1371 1206 1416 44

24 1437 26 1490 l
89 1441 191 1502 ciamus
213 1440 254 1504 de
277 1441 328 1502 his
350 1443 487 1522 quaein
509 1443 609 1504 tutela
632 1451 718 1504 sunt.

24 1495 71 1592 bit
159 1528 348 1590 Permissum
370 1537 419 1590 est
442 1529 549 1608 itaque
572 1527 779 1609 parentibus.
794 1527 904 1589 liberis
920 1547 999 1608 quos
1015 1529 1049 1590 in
1065 1535 1157 1608 pote-

89 1620 154 1674 state
168 1632 224 1676 sua
239 1613 367 1692 habent,
387 1622 572 1676 testamento
589 1623 706 1676 tutores
722 1613 818 1676 dare:
839 1615 1008 1676 masculini
1025 1613 1157 1694 quidem

89 1717 168 1760 sexus
190 1699 414 1780 inpuberibuS,
434 1695 592 1785 (4444444444
606 1708 707 1762 autem
722 1717 819 1762 4444444
834 1701 1049 1782 cuiuscumque
1071 1708 1158 1762 ceto-

89 1785 196 1864 444444,
215 1794 243 1848 44
257 1793 320 1847 tum
335 1782 469 1872 quo)que
493 1807 565 1849 cum
587 1795 706 1867 nuptae
729 1787 802 1848 sint.
842 1795 968 1848 ueteres
992 1785 1077 1848 enim
1099 1806 1159 1847 uo-
1178 1802 1209 1847 44

90 1869 203 1933 luerunt
217 1871 361 1951 feminas,
381 1873 505 1934 etiamsi
520 1873 678 1954 perfectae
694 1875 805 1935 aetatis
821 1873 895 1952 sint,
915 1880 1047 1953 propter
1061 1873 1159 1934 animi

33 1945 72 2008 145
90 1955 236 2020 leuitatem
257 1959 292 2020 in
314 1958 415 2020 tutela
430 1979 510 2020 esse.
547 1960 657 2039 ltaque
674 1960 701 2020 si
717 1960 790 2038 quis
813 1958 877 2019 filio
901 1957 1046 2039 filiaeque
1061 1967 1161 2020 testa-

90 2053 179 2105 mento
201 2053 340 2106 tutorem
363 2044 503 2122 dederit,
537 2054 568 2107 et
597 2045 695 2108 ambo
712 2044 752 2107 ad
776 2042 977 2125 pubertatem
999 2064 1161 2126 peruene-

91 2128 152 2209 rint,
176 2131 262 2193 filius
286 2131 415 2210 quidem
438 2130 557 2192 desinit
579 2131 695 2193 habere
716 2140 865 2206 tutorem,
888 2131 953 2194 filia
969 2151 1046 2193 uero
1062 2131 1159 2192 nihilo

92 2215 182 2278 minus
203 2216 236 2278 in
259 2218 360 2279 tutela
382 2227 564 2298 permanet3
597 2226 721 2280 tantum
751 2218 836 2278 enim
866 2237 906 2279 ex
935 2218 1005 2298 lege
1028 2217 1107 2279 lulia
1129 2225 1160 2278 et
1179 2232 1210 2278 4ο

93 2299 171 2381 Papia
187 2304 328 2384 Poppaea
342 2303 412 2364 iure
435 2303 609 2365 liberorum
624 2305 724 2366 tutela
740 2304 917 2365 liberantur
932 2303 1081 2366 feminae.
1113 2303 1161 2363 lo-

93 2389 206 2464 quimur
228 2398 335 2451 autem
351 2387 363 2472 44
379 2391 521 2471 exceptis
544 2390 726 2470 uirginibus
746 2388 939 2468 VestalibuS,
967 2389 1258 2468 quas-etiampagnn

93 2482 203 2537 ueteres
226 2475 260 2536 in
282 2476 431 2538 honorem
453 2475 621 2539 sacerdotii
644 2475 761 2538 liberas
783 2495 853 2537 esse
876 2476 1065 2554 uoluerunt,
1100 2474 1161 2534 ita-

33 2547 76 2610 446
95 2575 144 2636 que
164 2562 257 2625 etiam
282 2563 348 2641 lege
369 2561 413 2623 ᾖ
426 2563 607 2624 tabularum
623 2571 750 2624 cautum
767 2571 826 2624 est.
862 2560 1038 2641 Nepotibus
1053 2569 1160 2622 autem

94 2647 292 2728 neptibusque
307 2649 349 2708 ita
365 2648 494 2710 demum
509 2668 679 2729 possumus
695 2655 875 2710 testamento
891 2656 1012 2708 tutores
1027 2646 1113 2724 dare,
1134 2643 1160 2706 si
1180 2662 1211 2707 44

95 2741 151 2809 4444
164 2743 295 2796 mortem
311 2743 449 2796 nostram
464 2735 497 2796 in
513 2735 614 2815 patris
629 2735 681 2796 sui
703 2742 891 2816 potestatem
910 2731 1001 2814 [iure]
1021 2732 1161 2794 recasuri

95 2833 145 2878 non
165 2820 238 2882 sint.
286 2821 392 2899 itaque
425 2821 453 2882 si
482 2820 567 2883 filius
597 2841 688 2884 meus
711 2821 820 2881 mortis
842 2838 931 2882 meae
953 2828 1096 2899 tempore
1127 2817 1160 2878 in

97 2913 233 2980 potestate
249 2925 319 2967 mea
334 2907 383 2984 sit,
410 2916 542 2987 nepotes
558 2926 646 2968 exeo
663 2925 725 2968 non
749 2915 898 2987 poterunt
920 2924 961 2967 ex
975 2913 1163 2967 testamento

97 3026 1164 3048 NWMMAAMANWWVQAANWWWVQNVWVVMWVQNQNWQNQQW

153 3082 228 3148 1443
248 3105 279 3127 =
299 3086 363 3134 inst.
384 3089 408 3145 4,
430 3089 460 3134 43
478 3099 519 3148 pr.
544 3085 555 3148 11
579 3082 653 3148 §tte
674 3106 706 3127 =
725 3087 789 3134 inst.
806 3089 830 3147 4,
847 3088 876 3133 43
891 3099 931 3148 pr.
950 3084 960 3148 14
980 3083 992 3149 fi
1012 3087 1059 3134 444
1079 3097 1163 3149 usque

97 3150 124 3200 ad
141 3157 167 3201 43
186 3156 249 3204 dore
267 3153 323 3203 iere
343 3173 375 3196 =
394 3155 456 3204 Inst.
476 3160 499 3216 4,
516 3157 557 3215 43,
573 3157 587 3201 3
606 3153 616 3216 11
635 3153 709 3218 §tio
730 3174 762 3197 ==
781 3155 846 3204 lost.
862 3158 887 3215 4,
902 3157 943 3216 43,
960 3158 984 3204 3.

97 3250 884 3270 ΜΜΙᾺΑΝὯκκΛΑΝΝνᾺΝΝΎΝΛΙΣΝΛΛΛΛΛΛΛΙᾺΛΛΜΚΛΛΛΛΛΝΝὫΝ
888 3254 1165 3270 ΝΝΝΛΝὊΚΛΛΛΑΝΛΛΛΝΊ

152 3319 162 3363 4
183 3316 303 3380 alioquin
320 3317 458 3380 Gcescheo,
478 3317 637 3380 aliquoquin
653 3315 672 3366 0
688 3315 700 3380 4
720 3317 893 3380 iniuriarum]
908 3318 1085 3367 iniuriarumc
1101 3316 1125 3379 44.
1141 3331 1163 3369 4.

97 3387 189 3448 causei)
207 3385 255 3448 011
274 3389 288 3434 3
308 3387 391 3450 gretia
410 3399 465 3437 uno
478 3389 616 3436 momento
638 3385 781 3445 0444444444,
801 3388 1099 3449 gratiamuncnomento
1121 3382 1166 3449 014

98 3451 109 3497 4
125 3452 219 3504 scilicet
234 3455 262 3515 C,
277 3455 344 3518 coos.
362 3455 394 3506 0³
408 3468 471 3518 444.
485 3459 537 3509 542
555 3453 566 3518 ΙΙ
584 3455 775 3519 mancipentur
790 3455 929 3518 0444444444,
944 3455 1167 3518 manciparentur

100 3517 217 3584 0418-3
236 3537 306 3588 quae
325 3526 352 3574 in
377 3525 459 3574 tutela
484 3537 553 3587 quae
577 3523 764 3574 incuratione
790 3525 844 3574 sint
862 3524 894 3586 0,
920 3525 954 3575 de
977 3523 1019 3573 his
1043 3537 1113 3587 quae
1138 3523 1166 3572 in

99 3589 167 3640 tutela
182 3592 226 3642 uel
246 3594 273 3642 in
293 3594 433 3644 curatione
456 3593 601 3644 4444414444.
622 3593 633 3656 44
651 3595 665 3642 8
684 3592 871 3656 intellegemus
889 3595 965 3654 lost,
986 3593 1166 3656 intellegimus

101 3654 139 3720 011
156 3665 257 3712 ceteras
271 3663 346 3722 lost,
360 3662 394 3712 de
408 3663 505 3712 ceteris
521 3662 541 3713 0
558 3661 569 3725 11
589 3665 619 3710 43
633 3674 683 3712 sua
698 3661 726 3720 0,
741 3676 791 3712 oct.
807 3663 868 3712 1444.
888 3663 900 3724 44
919 3665 1080 3713 testamento
1094 3665 1167 3711 tuto-

99 3737 134 3776 res
151 3729 220 3790 14444,
240 3733 447 3782 testamentores
468 3731 502 3782 cn
521 3730 532 3794 11
557 3733 656 3780 44-43
675 3727 702 3797 41
719 3736 749 3781 444
766 3735 893 3782 4444444444
910 3733 1084 3793 suppleretur,
1106 3745 1126 3781 4.
1139 3743 1164 3793 4.

99 3795 200 3847 additum
212 3799 272 3862 44411
286 3803 316 3848 48
329 3799 472 3864 pubertate
487 3799 527 3864 044
541 3803 572 3848 43
586 3799 686 3850 44414444
703 3799 841 3862 04444444,
856 3799 968 3850 haberet
983 3799 1003 3850 0
1019 3799 1030 3864 11
1050 3805 1078 3849 et
1097 3801 1167 3862 Pop-

99 3874 155 3925 4444
168 3867 304 3928 0444414444,
324 3869 482 3934 4444444011
502 3873 533 3918 23
552 3869 685 3919 honorem
706 3869 845 3931 0444444444,
865 3870 982 3920 honores
998 3868 1026 3929 0,
1047 3869 1113 3931 coos.
1137 3866 1168 3916 04

97 3941 209 3996 popm
228 3938 238 4000 11
257 3940 290 3985 ai
313 3938 372 4002 lege
393 3937 538 3998 Gemellae,
564 3938 616 4001 legi
638 3937 669 3996 0,
696 3939 762 4000 conf.
787 3939 819 3989 0²
838 3952 902 4003 444.
916 3941 967 3994 27⁶
991 3938 1002 4002 11
1026 3941 1115 3987 autem
1138 3935 1165 3993 C,

100 4002 177 4077 temen
195 4007 256 4056 44444.
280 4006 291 4070 11
311 4010 344 4056 45
364 4009 522 4058 testamento
548 4008 622 4066 lost,
649 4009 731 4056 testes
753 4007 781 4068 0,
807 4009 874 4070 conf.
896 4008 928 4058 04
948 4020 1010 4070 444.
1027 4008 1079 4057 547
1092 4003 1139 4066 444.
1158 4000 1169 4068 11

100 4081 149 4122 iure
163 4073 188 4134 0,
208 4089 256 4125 om.
274 4077 337 4125 14444.
356 4075 367 4138 11
385 4077 504 4127 recasuri
517 4089 571 4127 non
584 4077 638 4126 sint
653 4074 697 4135 Cn,
712 4089 766 4126 non
779 4077 834 4126 sint
846 4078 965 4127 recasuri
980 4077 1041 4124 lost.
1061 4075 1072 4136 14
1091 4077 1122 4122 48
1135 4086 1168 4122 ex

100 4149 127 4187 co
144 4141 211 4204 lost,
232 4157 301 4208 quos
318 4158 351 4194 444
369 4145 445 4205 440,
465 4158 533 4209 quos
551 4159 584 4196 444
602 4157 634 4195 eo
653 4141 757 4211 (haheo)
777 4145 906 4196 Goeschen
924 4145 934 4208 11
952 4146 1079 4208 poterunt
1092 4141 1167 4201 4444,

101 4211 205 4268 potesint
224 4212 243 4263 0
260 4213 271 4276 41
290 4226 323 4263 ex
341 4215 501 4266 testamento
523 4213 567 4275 0¹¹,
587 4216 749 4265 testamento
768 4215 831 4264 44444.

923 4310 960 4362 3*
