2966 4758
277 320 313 370 111
332 317 491 384 §iti-rte
659 351 744 364 ....
791 320 850 382 134
894 353 980 366 ,-

418 503 518 589 <iudet
543 497 588 616 ἄρ’
614 505 757 577 οἰνίζοντο
780 502 1027 591 ναρηκομόωντες
1048 502 1175 592 Ἀχαιοί,

432 584 520 656 ἄλλοι
542 616 595 676 μεν
618 595 736 679 χαλκῷ,
763 585 850 657 ἄλλοι
874 589 895 656 δ’
924 591 1034 657 αἴθωνι
1056 588 1182 679 σιδήρῳ,

433 670 520 742 ἄλλοι
543 677 576 742 δὲ
599 679 702 786 ῥινοῖς,
730 671 816 742 ἄλλοι
839 673 862 743 δ’
889 673 998 764 αὐτῇσι
1022 675 1150 766 βόεσσιν,

433 757 520 829 ἄλλοι
543 759 566 827 δ’
593 759 842 850 ανδραπόδεσσι.)

279 850 424 913 diuersae
447 852 570 914 scholae
593 863 738 914 auctores
761 852 954 914 dissentiunt
981 851 1129 932 aliudque
1154 872 1224 915 esse
1249 856 1399 917 existi-e

278 946 365 998 mant
386 939 650 1018 permutationem
672 957 798 1018 rerum,
829 938 915 1001 aliud
938 939 1124 1019 emptionem
1147 949 1178 1001 et
1199 940 1361 1003 uenditio-

278 1043 366 1100 nem;
398 1025 539 1105 alioquin
562 1044 622 1086 nou
640 1043 730 1106 posse
757 1044 825 1086 rem
855 1023 1000 1105 expediri
1028 1027 1220 1104 permutatis
1251 1027 1356 1106 rebus,

278 1129 361 1190 quae
389 1110 538 1172 uideatur
567 1129 619 1173 res
647 1112 789 1188 uenisse,
827 1119 859 1172 et
890 1129 971 1190 quae
1003 1111 1100 1191 pretii
1127 1113 1256 1173 nomine
1287 1112 1361 1175 dato
1453 1103 1456 1202 l

278 1215 358 1276 esse,
385 1195 442 1258 sed
465 1215 576 1259 rursus
597 1206 765 1276 utramque
788 1216 855 1258 rem
877 1196 983 1258 uideri
1002 1205 1034 1258 et
1048 1197 1177 1258 uenisse
1193 1208 1226 1259 et
1240 1208 1361 1260 utram·
1455 1211 1456 1222 ¹

276 1301 341 1363 quc
363 1283 459 1362 pretii
482 1285 607 1345 nomine
630 1282 735 1345 datam
766 1302 835 1344 esse
863 1281 1035 1345 absurdum
1063 1282 1178 1344 uideri.
1235 1285 1292 1347 sed
1317 1286 1359 1347 ait
1377 1296 1411 1340 4ο
1455 1319 1456 1332 1

279 1368 403 1430 Coelius
427 1368 573 1448 SabinuS,
601 1371 628 1431 si
651 1388 719 1430 rem
742 1368 802 1430 tibi
824 1369 970 1431 uenalem
994 1368 1133 1447 habenti,
1159 1370 1262 1432 ueluti
1286 1371 1358 1433 iun·
1454 1377 1456 1420 i

278 1453 364 1530 dum,
395 1453 582 1536 [acceperim
606 1455 648 1536 et]
674 1455 771 1536 pretii
786 1457 912 1517 nomine
928 1455 1086 1516 hominem
1103 1455 1183 1516 forte
1200 1455 1354 1531 dederim,

277 1539 411 1602 fundum
443 1542 572 1622 quidem
607 1541 710 1604 uideri
744 1543 890 1619 uenisse,
927 1542 1085 1603 hominem
1121 1550 1229 1603 autem
1264 1543 1357 1624 pretii

277 1628 402 1688 nomine
426 1626 534 1690 datum
557 1647 638 1707 esse,
663 1638 699 1689 ut
721 1626 841 1690 fundus
863 1627 1068 1708 acciperetur.

194 1764 253 1826 tiu
363 1765 485 1826 locatio
507 1773 613 1826 autem
636 1773 669 1825 et
691 1763 857 1826 conductio
880 1763 1036 1825 similibus
1058 1764 1177 1844 regulis
1192 1769 1358 1829 constitui·
1376 1776 1405 1820 45
1456 1763 1457 1800 ³

277 1859 345 1926 tur;
371 1851 435 1911 nisi
457 1851 541 1911 enim
565 1869 686 1911 merces
708 1859 792 1910 certa
815 1858 931 1911 statuta
948 1853 998 1928 sit,
1025 1869 1088 1912 nou
1104 1849 1233 1912 uidetur
1249 1853 1357 1914 locatio

194 1935 253 1995 tt3
278 1945 309 1996 et
332 1935 497 1997 conductio
520 1936 671 1997 contrahi.
712 1935 801 1996 Vnde
825 1937 852 1998 si
875 1936 977 1997 alieno
1000 1936 1130 1997 arbitrio
1146 1956 1269 1999 merces
1285 1959 1358 2020 per·

278 2021 374 2082 missa
398 2023 447 2099 sit,
474 2023 564 2082 uelut
587 2023 698 2101 quanti
718 2023 817 2082 Titius
841 2021 1067 2101 aestimauerit,
1093 2019 1106 2104 ΙΙ
1129 2023 1296 2102 quaeritur
1317 2044 1355 2088 an
1364 2029 1457 2095 pg.tee÷

277 2107 387 2167 locatio
418 2116 450 2168 et
477 2106 641 2169 conductio
665 2107 878 2170 contrahatur.
915 2127 978 2188 qua
1005 2105 1045 2168 de
1072 2127 1167 2170 causa
1197 2110 1223 2170 si
1248 2109 1360 2172 fulloni

278 2192 425 2272 pellenda
452 2192 647 2268 curandam,
680 2195 862 2255 sarcinatcri
887 2193 1050 2256 sarcienda
1078 2196 1270 2257 uestimenta
1301 2196 1358 2258 de·
1375 2205 1405 2250 2⁰

277 2278 385 2358 derivo,
412 2280 500 2341 nulla
523 2281 628 2341 statim
651 2279 796 2341 mercede
819 2281 998 2355 constituta,
1025 2289 1132 2360 postea
1155 2289 1278 2342 tantum
1302 2283 1358 2345 da·
1456 2303 1457 2340 ι

276 2373 368 2427 turus
391 2366 501 2446 quanti
525 2367 686 2428 internos
709 2367 910 2445 conuenerit,
944 2367 1109 2446 quaeritur
1131 2385 1171 2428 an
1193 2367 1304 2430 locatio
1328 2379 1358 2431 et
1456 2361 1458 2418 ἶ

193 2453 250 2512 tit
276 2451 442 2514 conductio
465 2453 677 2514 contrahatur.
713 2454 783 2514 item
813 2453 839 2513 si
869 2470 936 2513 rem
958 2452 1018 2514 tibi
1040 2451 1191 2514 utendam
1215 2453 1357 2516 dederim

277 2545 308 2598 et
332 2539 470 2601 inuicem
500 2539 593 2602 aliam
622 2557 689 2600 rem
717 2537 868 2600 utendam
898 2539 1090 2619 acceperim,
1124 2539 1290 2618 quaeritur
1317 2561 1356 2602 an
1457 2537 1458 2616 ξ

192 2624 252 2685 tit
276 2624 385 2687 locatio
412 2634 443 2686 et
469 2625 635 2687 conductio
662 2625 874 2687 contrahatur.
929 2623 1016 2685 Adeo
1042 2633 1148 2686 autem
1181 2627 1298 2707 emptio
1326 2636 1357 2688 et
1373 2634 1406 2680 it
1457 2683 1458 2704 ξ

1156 2760 1356 2777 ἯΧΛΜΝΙΛΝΨΨΊ

344 2811 415 2877 §tte
430 2812 493 2863 inde
505 2812 539 2863 ab
555 2817 585 2861 49
598 2825 747 2877 quousque
760 2813 794 2864 ad
807 2815 839 2861 22
852 2815 1001 2862 conuenerit
1013 2832 1044 2854 =
1057 2813 1122 2862 Inst.
1138 2816 1163 2875 3,
1177 2814 1221 2868 44,
1234 2810 1243 2855 4
1260 2806 1271 2870 ΙΙ
1284 2806 1297 2873 l
1309 2810 1353 2857 tit

276 2881 346 2932 coni.
367 2883 430 2931 inst.
447 2886 471 2941 t,
486 2884 528 2943 st,
543 2885 558 2931 2
576 2882 587 2945 ΙΙ
606 2880 618 2946 ξ
633 2884 680 2930 445
700 2894 787 2945 usque
805 2881 839 2931 ad
858 2884 918 2942 445,
935 2883 948 2929 4
968 2883 1101 2932 conductio
1113 2901 1145 2924 =
1158 2883 1222 2933 inst.
1237 2879 1261 2938 3,
1277 2880 1317 2939 st,
1333 2880 1357 2926 ³.

343 3055 407 3100 4-4
425 3065 475 3113 pro
492 3048 528 3118 (l,
549 3053 615 3114 quod
627 3065 661 3102 eo
674 3053 736 3102 lost.
757 3053 856 3102 eddidit
870 3051 1008 3116 Goesclteo,
1029 3056 1055 3103 et
1073 3054 1178 3118 relique
1196 3051 1356 3114 recrearer,

274 3133 339 3182 quoe
361 3121 444 3170 uerbo
469 3121 562 3170 deleuit
581 3121 729 3170 Bcumbaclt
751 3121 762 3184 ΙΙ
787 3125 800 3170 5
825 3122 987 3172 dissentiunt
1008 3120 1035 3182 C,
1062 3124 1096 3172 od
1119 3125 1212 3172 contra
1237 3122 1357 3171 sentiunt

274 3190 371 3239 ducunt
387 3190 450 3239 last.
476 3188 487 3252 ΙΙ
513 3193 527 3238 6
547 3189 722 3254 emptionem]
743 3190 810 3252 coos.
834 3189 866 3241 0⁸
880 3202 943 3253 pop.
957 3195 1007 3244 265
1026 3204 1096 3240 uere.
1114 3192 1145 3240 47
1166 3190 1177 3253 ΙΙ
1201 3195 1215 3238 7
1235 3189 1355 3254 alioquin

275 3271 327 3307 non
346 3269 426 3322 posse
443 3259 572 3320 suppleuit
592 3257 772 3308 coercionem
791 3259 866 3318 lost,
886 3259 952 3321 conf.
973 3264 1059 3309 tomen
1080 3258 1127 3318 G¹;
1145 3262 1173 3309 ιἰι
1193 3257 1228 3307 cn
1244 3258 1359 3321 sortasse

274 3326 540 3391 alioquoinnposside
562 3328 605 3377 uel
622 3328 705 3377 simile
723 3328 820 3388 aliquid
837 3329 922 3378 ectitit
944 3327 955 3390 ΙΙ
978 3331 992 3377 8
1011 3328 1074 3377 data
1093 3329 1167 3387 lost,
1193 3327 1294 3378 datae?
1313 3323 1355 3394 Cli

275 3400 288 3444 ν
308 3396 356 3446 sed
374 3408 470 3446 rursus
487 3398 631 3460 utramque
650 3409 707 3445 rem
725 3396 768 3456 0¹¹,
789 3409 852 3444 nam
870 3399 1013 3460 utramque
1032 3397 1094 3446 lost.
1115 3396 1126 3460 11
1149 3399 1231 3445 9-44
1250 3400 1355 3446 44444444-

273 3477 326 3528 que
345 3465 424 3528 pretii
445 3464 487 3528 Cn,
507 3466 587 3529 pretii
605 3466 667 3515 last,
688 3465 699 3528 ΙΙ
719 3469 749 3514 ti
768 3466 850 3514 uerbo
867 3466 1020 3528 acceperim
1037 3469 1065 3515 et
1082 3467 1175 3515 deiecit
1193 3466 1335 3516 Mommsen
1346 3461 1358 3532 ll

274 3535 305 3581 44
325 3531 424 3584 fundus
445 3535 582 3597 Goescheo,
603 3533 717 3584 iundum
738 3531 758 3584 C
780 3533 791 3598 ll
817 3537 848 3584 ts
867 3534 1039 3584 constituitur
1057 3534 1174 3584 Huschke
1192 3535 1262 3593 olim,
1289 3547 1355 3584 con·

273 3603 421 3652 stituuniur
442 3603 461 3654 C
482 3603 492 3667 ΙΙ
516 3607 547 3654 48
567 3605 660 3667 quanti
681 3603 817 3662 Goesclren,
846 3615 898 3666 qua
920 3601 939 3651 C
959 3601 970 3665 ΙΙ
996 3607 1027 3652 49
1051 3616 1103 3666 que
1128 3603 1162 3653 de
1183 3601 1203 3652 0
1221 3603 1297 3663 lust„
1324 3616 1356 3653 ex

273 3671 368 3721 eadem
390 3674 492 3722 ιιιοιιιιῑι
510 3673 627 3722 Huschke
648 3671 659 3735 ll
683 3671 778 3722 lulloni
798 3672 869 3731 lost,
895 3670 990 3721 iullcin
1012 3671 1031 3722 C
1053 3671 1063 3735 ΙΙ
1087 3675 1118 3720 it
1144 3673 1306 3722 seminatori
1328 3671 1355 3731 t',

272 3743 320 3790 aut
337 3742 496 3791 sarcinatori
516 3741 579 3791 lust.
599 3740 610 3803 ΙΙ
629 3744 724 3790 iti—ii
748 3740 870 3790 dederim
892 3740 1029 3801 Goescleo,
1050 3740 1205 3790 dederimus
1221 3739 1264 3799 Gn,
1287 3740 1353 3803 cont.

275 3808 477 3873 0444447411
496 3813 524 3858 at
547 3815 640 3873 postea
655 3808 697 3872 Cn,
718 3809 764 3859 sed
784 3810 875 3872 postea
890 3809 951 3858 lust.
976 3808 986 3872 11
1008 3812 1040 3858 22
1059 3810 1152 3873 quanti
1173 3808 1200 3870 C,
1221 3814 1355 3872 quantum

273 3879 335 3929 lost.
359 3877 369 3940 ΙΙ
391 3881 422 3926 23
443 3879 507 3927 item
527 3879 664 3938 Polcuoar,
689 3879 735 3928 uel
757 3877 791 3928 0¹¹
811 3877 887 3940 (coos.
911 3876 941 3927 C³
962 3890 1025 3941 pop.
1039 3881 1090 3928 509
1114 3891 1184 3928 cers.
1201 3882 1233 3927 46
1251 3883 1276 3928 et
1290 3891 1352 3942 pap.

270 3948 323 4001 275
339 3960 408 3997 cers.
424 3949 467 4008 24)
486 3947 497 4010 ss
515 3950 651 4007 45-445,
671 3950 685 3996 ii
705 3947 804 4012 emptio
824 3950 851 3995 et
867 3945 988 3996 uenditio
1008 3950 1034 3996 et
1052 3947 1151 3997 locatio
1169 3949 1196 3996 et
1207 3947 1353 3997 conductio

272 4015 480 4066 familiaritatem
499 4015 618 4080 aliquam
637 4016 707 4064 inter
725 4029 753 4065 se
771 4013 873 4066 habere
891 4015 1021 4064 uidentur
1036 4014 1077 4075 0¹²,
1098 4014 1309 4066 familiaritatem
1327 4029 1351 4066 ο.

271 4086 289 4136 i.
309 4098 331 4136 s.
351 4085 378 4134 h.
399 4086 528 4136 uidentur
553 4085 652 4147 emptio
677 4086 704 4133 et
727 4085 849 4134 uenditio
874 4085 939 4133 item
963 4083 1061 4134 locatio
1080 4088 1107 4132 et
1123 4083 1269 4134 conductio
1289 4085 1351 4134 lost.

272 4155 351 4218 (cons.
369 4154 451 4206 Gaius
469 4155 533 4206 libro
551 4154 661 4204 serrendo
678 4167 768 4204 rerum
786 4153 985 4204 cottidianarum
1002 4153 1062 4216 Die.
1079 4156 1120 4213 49,
1134 4158 1160 4215 2,
1175 4158 1201 4215 2,
1219 4153 1253 4214 4).
