2908 4764
239 381 249 394 r
278 339 478 406 irruo-ru
668 373 752 388 -.
798 341 838 402 66
881 375 968 386 .-

280 548 350 592 esse
372 547 435 591 non
451 537 576 612 potest;
608 549 644 592 eo
665 548 706 590 ne
728 528 757 592 is
780 528 910 608 quidem
939 527 995 608 qui
1018 531 1051 590 in
1073 528 1182 592 eadem
1204 537 1366 610 potestate

280 624 338 694 est,
372 615 463 677 uelut
489 615 586 678 trater
607 613 687 678 eius.
736 614 794 677 sed
821 613 847 676 si
871 613 955 677 filius
981 613 1115 678 familias
1140 635 1180 677 ex
1206 617 1367 678 castrensi

244 688 405 829 ippeeulio
426 711 499 781 post
520 700 703 764 missionem
726 700 820 764 faeiat
841 709 1076 780 testamentum,
1102 720 1161 764 nec
1182 711 1275 782 pater
1289 701 1366 766 eius

279 795 363 850 recte
386 786 477 850 testis
500 785 513 868 ΙΙ
536 787 706 850 adhibetur
727 806 786 850 neo
807 786 835 849 is
859 787 914 866 qui
937 786 970 848 in
993 795 1148 866 potestate
1171 787 1271 868 patris
1300 797 1359 850 est.
1375 813 1439 865 pag.

194 873 255 934 407
278 874 322 935 De
346 872 525 954 libripende
548 873 659 936 eadem
682 891 764 954 quae
788 882 820 934 et
841 872 881 934 de
896 871 1033 934 testibus
1047 872 1131 936 diota
1147 892 1217 936 esse
1232 873 1403 936 intelle-5
1449 917 1451 960 t

196 962 255 1021 t08
280 979 407 1040 gemus3
438 979 513 1021 nam
540 968 572 1021 et
599 959 626 1022 is
654 959 783 1022 testium
809 978 941 1021 numero
968 967 1028 1021 est.
1081 960 1110 1020 Is
1138 979 1213 1021 uero
1242 959 1297 1039 qui
1327 960 1363 1022 in

278 1054 433 1126 potestate
456 1044 583 1108 heredis
606 1055 661 1108 aut
683 1044 825 1126 legatarii
848 1054 910 1124 est,
942 1045 1077 1108 cuiusue
1099 1047 1191 1108 heres
1213 1045 1282 1125 ipse
1306 1055 1365 1108 aut

278 1131 448 1212 legatarius
470 1130 504 1194 in
526 1140 681 1212 potestate
696 1139 753 1210 est,
780 1130 901 1212 quique
917 1129 950 1192 in
966 1129 1109 1192 eiusdem
1123 1140 1280 1212 potestate
1295 1141 1358 1212 est,

278 1219 354 1280 adeo
381 1217 473 1282 testis
504 1226 536 1280 et
562 1217 719 1298 libripens
749 1216 892 1280 adhiberi
919 1225 1036 1298 potest,
1070 1226 1106 1279 ut
1132 1216 1202 1298 ipse
1232 1236 1361 1298 quoque

278 1306 373 1367 heres
403 1312 460 1366 aut
485 1303 657 1384 legatarius
684 1304 753 1366 iure
783 1303 1003 1367 adhibeantur.
1056 1303 1113 1365 sed
1140 1313 1245 1366 tamen
1274 1304 1422 1384 quodie

279 1389 318 1454 ad
340 1389 491 1452 heredem
512 1389 651 1471 pertinet
673 1389 793 1470 quique
815 1389 848 1450 in
872 1389 942 1452 eius
968 1397 1123 1470 potestate
1151 1399 1200 1452 est
1226 1389 1361 1452 euiusue

279 1478 306 1538 is
329 1475 361 1538 in
384 1484 540 1556 potestate
564 1475 634 1556 erit,
660 1475 791 1538 minime
815 1476 873 1537 hoo
894 1474 963 1538 iure
986 1473 1034 1538 uti
1057 1474 1222 1538 debemus.

572 1561 648 1664 ‘inu
672 1581 866 1664 rusmusrrrs
889 1561 1037 1663 urrisun]
1121 1646 1128 1662 .
1334 1647 1342 1662 ·
1449 1595 1451 1686 p

194 1649 253 1708 409
363 1648 426 1710 Sed
447 1649 526 1711 haee
548 1648 685 1729 drlrgens
708 1649 886 1710 obseruatro
908 1666 941 1708 rn
962 1646 1146 1709 ordinandrs
1162 1655 1360 1710 testamentis
1449 1687 1451 1740 4

1449 1785 1451 1882 4

278 1733 434 1796 militibus
455 1743 586 1815 propter
607 1735 738 1798 nimiam
753 1733 935 1814 inperitiam
950 1731 1223 1796 constitutionibus
1239 1732 1361 1812 princi·
1383 1752 1422 1798 rs

277 1839 355 1900 pum
376 1819 509 1883 remissa
526 1830 583 1883 est.
621 1841 695 1884 nam
714 1821 862 1901 quamuis
877 1838 982 1898 neque
998 1818 1175 1900 legitimum
1191 1838 1361 1881 numerum

276 1905 406 1968 testium
428 1905 632 1968 adhibuerint
650 1926 755 1986 neque
770 1904 975 1970 uendideriut
989 1905 1140 1968 familiam
1154 1923 1260 1985 neque
1276 1924 1362 1966 uun-

194 1993 252 2051 4444
277 1992 466 2071 cupauerint
480 2001 715 2071 testamentum,
734 2003 819 2055 recte
835 1991 932 2054 nihilo
947 1991 1052 2053 minus
1067 1999 1236 2054 testantur.
1266 1993 1362 2054 Prae-
1449 1975 1451 2074 Ι

277 2087 364 2140 44444
386 2077 577 2157 permissum
599 2087 647 2142 est
669 2077 708 2140 iis
731 2087 762 2140 et
784 2077 967 2159 peregrinos
990 2087 1023 2140 et
1044 2077 1169 2140 Latinos
1192 2076 1361 2140 instituere
1449 2081 1451 2140 4

276 2162 410 2226 heredes
425 2164 479 2224 uel
495 2163 534 2226 iis
545 2165 663 2246 legare;
682 2183 753 2226 cum
769 2164 909 2244 alioquin
921 2163 1082 2246 peregrini
1093 2162 1224 2243 quidem
1238 2164 1362 2225 ratione
1382 2181 1421 2227 ao
1449 2205 1451 2232 4

278 2248 365 2312 ciuili
379 2249 607 2330 prohibeantur
622 2271 735 2331 capere
747 2249 956 2313 hereditatem
972 2252 1148 2330 legataque,
1165 2248 1266 2312 Latini
1282 2269 1360 2311 uero

193 2338 248 2396 444
277 2356 335 2417 per
350 2338 454 2417 legem
469 2337 602 2400 Iuniam.
636 2337 780 2400 Caelibes
796 2355 923 2416 quoque
940 2336 995 2416 qui
1014 2337 1085 2416 lege
1100 2337 1179 2396 lulia
1198 2335 1362 2398 heredita-

276 2432 338 2485 tem
360 2424 526 2504 legataque
542 2443 656 2504 sapere
672 2431 838 2500 uetantur;
866 2423 942 2484 item
957 2421 1036 2502 orbi,
1056 2421 1090 2483 id
1106 2422 1225 2500 estqui
1241 2421 1362 2482 liberos
1449 2431 1451 2514 ἐ

1118 2509 1274 2568 (reuersus
1292 2510 1320 2556 44
1342 2507 1363 2557 G

276 2563 338 2604 non
352 2543 482 2624 babent,
498 2563 577 2624 quos
593 2545 646 2605 lex
661 2540 1362 2628 ΙΙ------“
1450 2627 1451 2634 ,

275 2661 534 2678 ΛΝΝΝΛΛΛΛΛΛΛΛΛΛΝ
1309 2659 1363 2676 W
1450 2661 1451 2664 ¹

345 2703 416 2768 §tte
435 2705 498 2755 inde
516 2705 550 2755 ab
564 2709 578 2752 2
592 2708 637 2756 sed
655 2726 687 2748 =
706 2661 772 2755 lust.
786 2708 809 2765 2,
823 2708 854 2752 44
872 2703 884 2767 41
903 2703 915 2768 4
930 2708 978 2753 449
999 2704 1062 2754 inde
1080 2703 1114 2754 ab
1134 2706 1164 2752 44
1183 2705 1294 2767 44449444
1312 2717 1363 2754 us-

275 2786 328 2836 que
346 2773 381 2823 ed
401 2777 431 2822 44
451 2775 615 2824 adhibuerint
631 2787 713 2836 neque
731 2777 757 2824 et
776 2774 840 2824 inde
859 2773 893 2823 ab
913 2777 944 2822 48
962 2778 1032 2823 recte
1050 2793 1082 2815 =
1101 2773 1165 2822 Inst.
1179 2775 1204 2834 2,
1220 2776 1247 2820 44
1265 2786 1307 2836 pr.

1307 2864 1361 2879 ’ΝΛΛΙ

345 2921 355 2964 4
378 2919 466 2981 quiin
482 2917 619 2979 64444444,
641 2919 708 2982 quin
724 2919 744 2971 0
760 2917 770 2984 ΙΙ
788 2923 848 2969 tex
864 2917 891 2978 0,
913 2917 946 2968 de
960 2919 1022 2970 4444.
1037 2915 1047 2984 ΙΙ
1066 2920 1078 2966 4
1092 2919 1177 2982 patris
1192 2917 1220 2977 C,
1234 2918 1361 2968 eiusdem

276 2986 359 3050 patris
378 2987 441 3036 lust.
460 2983 471 3052 ss
488 2989 530 3036 est
548 2981 627 3047 Iost.,'
642 2987 678 3036 sit
694 2986 713 3036 0
729 2983 739 3053 14
758 2992 771 3036 4
791 2987 912 3050 legatarii
930 2987 1056 3048 Huschke,
1077 2987 1216 3050 inlegatari
1233 2987 1252 3036 C
1267 2983 1278 3052 ΙΙ
1298 2991 1312 3036 8
1331 2988 1362 3036 in

274 3055 436 3118 potestatem
458 3053 501 3116 Cn,
521 3054 588 3116 cous.
611 3053 641 3104 Cfl
656 3069 719 3118 pop.
733 3059 784 3106 444
803 3061 827 3106 44
842 3069 904 3120 pud.
918 3057 969 3110 287
984 3055 1032 3117 444.
1051 3051 1062 3122 ss
1079 3058 1093 3104 9
1113 3055 1181 3106 adeo
1194 3055 1361 3115 Lachmann,

275 3121 343 3172 abeo
365 3119 410 3186 044
429 3127 460 3172 44
474 3125 522 3173 ant
545 3123 684 3184 Goescheu,
703 3127 734 3175 ut
754 3121 800 3189 ΟΙΙ
819 3128 849 3174 ii
869 3125 892 3174 is
913 3123 1051 3185 Goescheo,
1072 3125 1105 3174 iis
1126 3123 1145 3174 0
1165 3121 1175 3190 lt
1195 3125 1248 3174 erit
1268 3123 1297 3185 C,
1319 3127 1362 3174 est

275 3191 394 3241 Huschke
411 3187 422 3258 ΙΙ
439 3195 470 3242 44
490 3191 608 3242 militum
624 3193 762 3255 Goescheu‚
782 3192 889 3242 mitium
907 3192 926 3244 G
942 3189 952 3260 ΙΙ
970 3195 1000 3242 44
1020 3192 1262 3244 constitutionibus
1281 3194 1359 3253 lust,

276 3260 547 3312 mentistutionibusi
559 3261 593 3312 0¹¹
605 3257 615 3328 ΙΙ
623 3263 778 3326 principum
792 3261 818 3321 G,
831 3261 1029 3326 principalibus
1039 3263 1100 3314 lost.
1112 3259 1160 3328 4444
1171 3263 1300 3327 quamuis
1313 3261 1360 3322 0¹¹,

275 3330 401 3393 quamuis
419 3330 447 3382 hi
460 3331 522 3380 lost.
542 3326 552 3397 ΙΙ
570 3333 599 3379 ti
619 3331 794 3382 uendiderint
809 3331 947 3390 4444444444,
966 3331 1121 3382 uendiderit
1135 3330 1155 3381 C
1171 3329 1178 3397 44
1196 3344 1361 3395 nunccupa-

273 3399 365 3448 uerint
385 3398 405 3450 C
422 3399 433 3463 ΙΙ
451 3402 483 3450 44
502 3399 681 3450 hereditatem
702 3400 840 3460 Goescherr,
861 3400 1014 3450 hereditate·
1031 3400 1078 3464 041
1097 3401 1128 3449 it
1144 3405 1203 3462 pou
1221 3400 1265 3450 lex
1276 3413 1362 3450 uuum

274 3467 364 3528 folium
375 3470 403 3518 iu
415 3467 435 3518 Ο
443 3471 532 3531 periit,
543 3471 571 3518 iu
583 3482 632 3531 quo
641 3471 702 3534 streis
714 3482 804 3520 eorum
812 3473 974 3532 perscriptus
987 3473 1053 3530 crat,
1068 3481 1134 3531 quoe
1145 3469 1226 3519 Gaius
1237 3471 1268 3520 de
1279 3474 1362 3520 tosta-

274 3539 367 3586 meotis
378 3538 490 3588 miiitum
501 3539 628 3600 esposuit.
653 3540 778 3600 proximo
791 3543 877 3590 autem
885 3544 945 3600 post
957 3551 1026 3602 quos
1038 3537 1082 3588 144
1094 3539 1132 3588 itu
1144 3539 1179 3588 ud
1190 3536 1278 3602 §286²
1295 3551 1361 3599 sup-

271 3605 354 3666 pleuit
365 3605 497 3656 Huschke:
517 3607 598 3672 Papia
610 3607 672 3672 pius
684 3621 766 3672 quam
779 3607 905 3658 dimidias
917 3611 1009 3672 partes
1022 3606 1180 3658 hereditatis
1192 3607 1361 3670 legatorum-

275 3685 327 3737 que
347 3686 444 3738 cepere
462 3678 546 3736 uetat,
567 3689 601 3726 ex
618 3677 713 3727 militis
731 3679 890 3727 testamento
908 3676 1027 3727 solidum
1043 3677 1163 3740 eupiunt.
1196 3676 1298 3726 Deinde
1310 3677 1362 3738 4944
1430 3688 1433 3692 ·

278 3742 359 3793 Gaius
378 3745 408 3793 de
425 3746 465 3804 444,
487 3747 578 3806 quibus
596 3750 775 3796 testamentum
790 3745 877 3807 facere
894 3758 946 3796 nou
964 3747 1033 3804 44444,
1060 3745 1178 3795 similiter
1196 3750 1274 3806 utque
1293 3745 1357 3794 lust.

273 3817 299 3872 2,
316 3817 364 3872 424
389 3813 442 3875 le-
456 3819 500 3874 24,
516 3819 547 3864 44
560 3827 627 3876 seqq.
647 3819 671 3864 et
689 3815 758 3876 epit.
772 3819 798 3875 2,
812 3819 838 3874 2,
859 3812 993 3878 iissre„
1018 3815 1062 3864 uhi
1085 3814 1146 3864 huuc
1164 3814 1302 3876 loquutur:
1328 3811 1360 3862 Id

275 3895 382 3946 quoque
401 3885 533 3932 statutum
551 3886 604 3944 est,
631 3883 705 3948 quod
724 3895 777 3934 non
797 3882 924 3932 omnihus
943 3883 1022 3934 liceat
1039 3881 1128 3934 iacere
1146 3883 1356 3942 testamentum

275 3954 347 4002 sicut
359 3952 422 4002 sunt
435 3950 462 3999 hi
481 3953 527 4014 qui
546 3953 588 4002 sui
606 3953 672 4006 iuris
690 3965 745 4002 non
764 3953 836 4014 sunt,
858 3951 906 4002 sed
923 3951 1012 4003 alieno
1024 3953 1077 4002 iuri
1090 3951 1205 4003 subiecti
1217 3955 1291 4013 sunt,
1307 3951 1360 4000 hoc
1450 3973 1451 3994 2

274 4025 316 4072 est
334 4019 382 4070 filii
400 4022 455 4070 tam
473 4033 506 4070 ex
518 4019 596 4071 nobis
609 4023 664 4072 nati
678 4035 759 4086 quem
770 4021 901 4086 adoptiui.
936 4020 958 4085 (4
974 4022 997 4085 h)
1017 4023 1084 4072 Item
1097 4023 1257 4072 testamenta
1270 4021 1360 4072 iacere

275 4102 329 4138 non
348 4091 462 4154 possunt
479 4089 644 4153 impuberes,
665 4092 692 4140 id
711 4093 752 4142 est
769 4091 890 4140 minores
908 4091 1127 4153 quattuordecim
1146 4103 1292 4151 annorum,
1313 4090 1361 4140 aut

274 4157 381 4222 puellae
400 4157 555 4209 duodecim.
594 4158 615 4224 (4
628 4160 651 4223 4)
673 4161 740 4210 Item
759 4162 786 4210 et
804 4159 831 4208 hi
850 4159 897 4222 qui
915 4157 1021 4222 furiosi,
1048 4159 1075 4210 id
1100 4159 1141 4210 est
1159 4162 1250 4210 mente
1269 4158 1358 4210 insani
1450 4217 1451 4224 ἵ
