2966 4758
282 373 316 423 1v
334 370 459 438 444-44
664 406 750 416 -
796 372 855 434 176
899 408 984 418 ,-

281 561 362 622 citur
385 580 425 622 ex
446 560 588 641 peculio,
621 561 711 623 uelut
738 562 765 623 si
793 562 821 623 is
849 563 902 624 cui
932 561 1046 643 debet,
1079 563 1113 623 in
1142 561 1238 624 huius
1261 563 1366 643 ipsius

216 646 255 708 ’14
280 645 404 728 peculio
434 651 484 708 sit.
538 647 688 708 Ceterum
726 646 857 710 dubium
886 667 949 709 non
980 657 1042 726 est,
1077 648 1156 728 quin
1185 657 1217 710 et
1246 649 1274 710 is
1309 650 1366 729 qui

279 734 370 794 iussu
393 733 492 813 patris
515 733 676 795 dominius
699 734 855 796 contraxit
877 735 994 814 cuique
1018 735 1206 796 exercitoria
1235 735 1290 796 uel
1314 737 1367 796 in-

279 819 399 882 stitoria
421 819 556 880 formula
579 821 731 901 competit,
766 820 805 882 de
835 820 961 901 peculio
985 830 1039 881 aut
1061 820 1101 882 de
1124 821 1157 880 in
1180 839 1248 882 rom
1270 839 1366 883 uerso

280 924 375 986 agere
397 907 507 986 possit.
538 905 596 968 sed
618 925 711 966 nemo
733 915 797 967 tarn
814 907 930 968 stultus
947 907 1016 984 erit,
1043 915 1079 968 ut
1095 907 1151 986 qui
1167 906 1274 986 aliqua
1291 907 1366 969 illa·
1386 923 1401 968 s

279 1011 349 1052 rum
372 993 531 1053 actionum
555 992 623 1054 sinc
647 991 743 1053 dubio
766 992 903 1054 solidum
924 993 1076 1072 consequi
1092 992 1200 1072 possit,
1227 992 1260 1052 in
1277 992 1365 1053 diffi-

279 1078 426 1140 cultatem
450 1097 483 1139 se
507 1076 646 1139 deducat
667 1077 828 1158 probandi
848 1078 966 1140 habere
995 1077 1159 1158 peculium
1188 1096 1261 1139 eum
1291 1097 1365 1140 cum

280 1183 343 1244 quo
365 1166 567 1241 contraxerit,
594 1183 697 1244 exque
721 1183 758 1225 eo
779 1165 903 1244 peculio
926 1182 1020 1244 posse
1043 1163 1104 1224 sibi
1124 1163 1283 1244 satisfieri,
1310 1165 1365 1226 uel

280 1248 313 1310 id
337 1249 422 1329 quod
445 1250 662 1330 persequitur,
689 1251 721 1310 in
746 1269 814 1311 rein
836 1251 938 1330 patris
953 1249 1114 1311 dominice
1131 1269 1260 1311 uersum
1277 1269 1362 1312 esse.

200 1334 257 1397 ’44α
279 1337 311 1396 Is
334 1355 463 1416 quoque
487 1337 538 1398 cui
561 1337 729 1397 tributoria
752 1337 832 1397 actio
855 1337 1010 1417 conpetit,
1037 1335 1078 1396 de
1099 1337 1223 1416 peculio
1246 1337 1299 1398 uel
1323 1335 1364 1398 de
1385 1351 1417 1397 to

279 1422 312 1482 in
336 1440 403 1482 rem
426 1441 519 1483 uerso
543 1441 638 1503 agere
661 1431 776 1502 potest.
816 1422 871 1484 sed
896 1423 971 1483 huic
994 1440 1068 1483 sane
1091 1423 1281 1502 plerumque
1305 1442 1364 1484 ex-

278 1507 366 1588 pedit
389 1510 447 1569 hac
468 1509 574 1588 potius
597 1509 719 1569 actione
741 1510 789 1570 uti
812 1527 907 1588 quam
931 1507 1109 1570 tributoria.
1143 1527 1217 1570 nam
1246 1509 1280 1569 in
1303 1509 1365 1570 tri-

277 1593 402 1655 butaria
427 1596 497 1656 eius
520 1595 618 1656 solius
641 1595 761 1674 peculii
784 1595 863 1656 ratio
886 1594 1028 1674 habetur,
1055 1592 1141 1673 quod
1163 1595 1196 1654 in
1212 1594 1261 1655 his
1277 1614 1365 1656 mor-

265 1678 368 1741 ·cibus
399 1690 447 1741 cst
475 1679 590 1761 quibus
619 1682 797 1760 negotiatur
826 1680 911 1742 filius
933 1698 1089 1742 seruusue
1112 1679 1264 1759 quodque
1288 1680 1363 1742 inde

277 1775 439 1847 receptum
462 1768 538 1843 erit;
566 1773 598 1827 at
618 1767 651 1826 in
675 1769 797 1828 actione
813 1767 941 1847 peculii,
960 1765 1070 1827 totius
1104 1775 1136 1826 44
1151 1774 1255 1846 potest
1272 1767 1363 1847 quIs-
1384 1783 1417 1829 44

277 1870 340 1931 que
364 1854 458 1914 tortia
480 1853 561 1914 forte
584 1859 640 1913 aut
662 1861 775 1932 quarta
797 1853 851 1914 uel
875 1854 968 1914 etiem
991 1853 1113 1912 minore
1136 1861 1226 1933 parto
1242 1853 1363 1933 peculii

277 1939 446 2018 negotiari,
481 1939 651 2001 maximam
681 1958 758 2000 uero
788 1947 910 2018 partem
940 1937 1058 2018 peculii
1092 1939 1125 1999 in
1161 1937 1231 2000 aliis
1262 1939 1362 2000 rebus

276 2024 409 2102 habere;
442 2025 534 2105 longe
563 2025 663 2103 magis
687 2026 714 2085 si
737 2032 841 2105 potest
863 2024 1042 2105 adprobari,
1069 2022 1103 2084 id
1127 2023 1211 2103 quod
1228 2019 1365 2108 (dederit

277 2110 303 2170 44
326 2111 380 2190 qai
400 2129 467 2172 cum
486 2112 548 2191 filio
571 2106 716 2196 44444444)
731 2111 900 2190 contraxit,
928 2113 961 2171 in
985 2130 1053 2171 rom
1075 2111 1176 2190 patris
1199 2109 1362 2173 dominius

277 2213 407 2256 uersum
436 2215 521 2275 esse,
552 2197 593 2260 ad
615 2199 696 2259 hanc
720 2198 872 2259 actionem
896 2198 1031 2258 transire
1054 2195 1168 2274 debet3
1205 2215 1297 2278 narn,
1325 2207 1364 2258 ut
1383 2213 1416 2259 so

277 2299 373 2361 supra
397 2281 547 2363 diximus,
574 2282 586 2366 ΙΙ
610 2283 721 2347 eadem
744 2283 879 2345 formula
896 2291 927 2344 et
942 2282 981 2344 de
996 2282 1120 2362 peculio
1137 2292 1168 2344 et
1184 2281 1224 2344 dc
1240 2283 1274 2344 in
1290 2302 1360 2344 rem
1372 2300 1463 2360 pgam

274 2387 368 2429 uerso
391 2370 505 2449 agitur.
1477 2397 1480 2469 ff

210 2454 251 2514 75
362 2455 408 2514 Ex
430 2456 593 2518 maleficiis
617 2455 754 2516 filiorum
777 2453 912 2516 familias
936 2447 1182 2534 seruorumque,
1209 2455 1310 2517 ueluti
1333 2456 1362 2516 si

276 2539 396 2602 lurtum
420 2539 552 2603 fecerint
574 2550 629 2603 aut
650 2541 801 2602 iniuriam
823 2541 1049 2618 commiserint,
1075 2541 1205 2601 noxales
1221 2543 1362 2604 actiones

275 2625 419 2706 proditae
442 2636 528 2708 sunt,
554 2631 600 2690 uti
625 2627 734 2688 liceret
756 2628 841 2708 patri
865 2625 1032 2687 dominoue
1056 2635 1110 2687 aut
1133 2627 1198 2688 litis
1213 2628 1361 2688 aestima·
1381 2643 1414 2688 44

275 2714 392 2774 tionem
416 2715 554 2776 sufferre
577 2722 632 2775 aut
654 2732 757 2774 noxae
781 2711 909 2774 dedere.
941 2721 1008 2773 erat
1031 2714 1116 2773 enim
1139 2712 1281 2792 iniquum
1302 2732 1362 2774 ne-

276 2799 411 2878 quitiam
434 2819 543 2862 eorum
565 2801 650 2862 ultra
674 2799 816 2879 ipsorum
832 2817 961 2878 corpora
977 2798 1166 2878 parentibus
1181 2799 1361 2860 dominisue

211 2883 252 2945 74
275 2883 458 2969 damnosam
481 2905 562 2948 esse.
611 2886 806 2950 constitutae
829 2893 904 2946 sunt
926 2893 1032 2945 autem
1062 2885 1193 2946 noxales
1220 2886 1361 2946 actiones

276 2979 330 3031 aut
352 2971 477 3050 legibus
500 2981 556 3032 aut
578 2970 677 3032 edicto
700 2972 874 3050 praetoris:
907 2969 1044 3050 legibus,
1074 2971 1166 3032 uelut
1188 2969 1266 3032 lurti
1290 2973 1361 3052 lege

345 3173 403 3239 §m
423 3177 449 3224 et
467 3177 513 3224 744
531 3172 601 3224 conl.
622 3176 687 3225 lnst.
710 3176 733 3235 4,
749 3179 773 3235 7,
789 3178 803 3222 4
822 3174 833 3238 ΙΙ
852 3173 925 3240 §w
942 3175 1032 3238 supro]
1054 3175 1157 3240 572&ss
1175 3175 1231 3240 §75
1252 3175 1310 3227 lere
1328 3197 1360 3220 =

275 3243 339 3294 lnst.
356 3246 379 3304 4,
396 3247 464 3309 8pr.
485 3241 526 3308 §2
545 3243 557 3307 ΙΙ
575 3242 587 3308 5
602 3247 634 3293 74
653 3263 686 3287 =
705 3245 770 3296 lust.
787 3247 810 3306 4,
826 3248 849 3306 8,
867 3247 892 3296 4.

344 3435 353 3480 4
377 3431 454 3482 uelut
473 3431 516 3492 Gn,
537 3432 898 3497 44444414441144444444
918 3432 946 3494 0,
966 3445 1015 3482 om.
1032 3433 1094 3481 4444.
1116 3433 1126 3496 ΙΙ
1146 3435 1159 3479 4
1179 3433 1316 3482 contraxit
1330 3431 1358 3494 0,

269 3581 334 3632 pay.
351 3572 408 3630 474,
424 3575 490 3622 4-4
509 3574 690 3628 conclamatos
708 3572 719 3636 ΙΙ
737 3575 751 3620 4
770 3571 857 3636 possit
876 3571 1014 3631 04444444,
1034 3571 1139 3634 possilu
1157 3568 1192 3619 0ιι
1210 3568 1361 3632 1144444444-

273 3639 356 3687 tatem
372 3639 509 3703 04444444,
530 3640 687 3691 difficultate
702 3641 722 3692 0
739 3640 750 3702 ΙΙ
768 3643 782 3689 7
801 3639 936 3705 probandi
950 3640 1024 3701 1444,
1043 3638 1185 3703 probando
1201 3636 1235 3688 Cn
1254 3637 1266 3702 ΙΙ
1286 3643 1317 3688 44
1336 3641 1361 3689 is

273 3707 347 3767 last,
368 3708 402 3758 iis
418 3709 438 3760 0
454 3708 465 3772 11
485 3713 515 3759 44
535 3709 644 3774 quihus]
665 3711 692 3759 in
711 3709 811 3774 quibus
827 3708 847 3759 0
863 3705 874 3774 ll
893 3713 923 3758 45
936 3709 1037 3772 peculii
1049 3709 1132 3758 totius
1147 3707 1175 3771 0,
1188 3703 1232 3774 <de
1243 3705 1361 3773 peculio)

271 3777 372 3839 peculii
385 3779 468 3828 totius
479 3780 581 3829 mauult
593 3776 732 3845 1444444411
751 3781 782 3827 44
795 3779 878 3829 etiam
891 3778 963 3836 4444,
983 3778 1026 3826 444
1047 3775 1075 3837 0,
1095 3776 1162 3839 conf.
1185 3775 1218 3828 0²
1232 3789 1296 3841 444.
1308 3779 1360 3831 447

270 3859 340 3896 cers.
357 3851 389 3896 44
407 3845 418 3910 ΙΙ
437 3850 468 3895 44
488 3848 547 3897 44444
569 3847 710 3906 04444444,
731 3848 777 3897 4144
797 3846 817 3897 0
833 3846 844 3910 ΙΙ
865 3850 964 3895 44-49
983 3843 1010 3913 <l
1029 3859 1051 3895 4.
1064 3859 1091 3908 4.
1111 3847 1210 3895 4444444
1228 3847 1359 3910 umam,

270 3919 299 3964 44
323 3917 465 3965 4444444444
482 3917 618 3979 satisfieret
636 3916 646 3978 ΙΙ
665 3919 696 3965 44
717 3916 858 3966 maleficiis
877 3916 951 3977 4444,
971 3913 1105 3965 maleficio
1126 3913 1146 3964 0
1165 3911 1226 3979 1144
1244 3915 1361 3965 sufferre

271 3984 343 4044 4444,
364 3982 462 4034 suffere
478 3984 498 4034 0
514 3985 525 4048 ΙΙ
544 3997 613 4034 noxe
632 3998 666 4034 44
684 3997 769 4035 noxae
787 3983 965 4035 correclomc
982 3983 993 4047 ΙΙ
1011 3984 1159 4034 eratenim
1174 3982 1218 4043 0¹¹,
1239 3996 1360 4048 namque

270 4056 329 4102 crat
348 4054 411 4105 4444.
436 4051 446 4114 ΙΙ
469 4056 502 4102 48
528 4054 691 4103 constitutae
715 4058 778 4103 sunt
800 4057 890 4104 autom
918 4051 964 4114 01¹,
993 4055 1056 4102 sunt
1080 4054 1169 4103 autom
1194 4055 1360 4103 constitutae

271 4121 332 4173 4444.
352 4122 363 4185 ΙΙ
384 4125 414 4170 49
437 4124 532 4184 (priora
550 4123 612 4182 loco}
633 4121 737 4184 legibus
756 4124 825 4182 loct,
847 4120 938 4185 legibu
953 4120 972 4172 0
989 4120 999 4184 ΙΙ
1017 4121 1106 4172 edicto
1125 4121 1200 4182 last,
1219 4121 1312 4172 edicto
1328 4121 1357 4184 0,

268 4190 335 4252 cons.
359 4190 665 4255 capacissimam
683 4191 694 4254 ll
711 4191 788 4242 uelut
809 4190 851 4252 0¹¹,
872 4191 959 4240 ueluti
978 4191 1040 4244 last.
