2908 4764
250 343 273 392 11
292 339 455 407 4433-434
644 375 728 386 ....
772 341 813 404 84
856 375 942 386 ....

251 529 356 608 433444,
383 548 439 591 333
463 529 592 590 arbitrio
616 529 826 592 hereditatem
849 529 938 592 adire
961 538 1075 608 potest.
1112 529 1226 609 quodsi
1255 531 1334 593 alie-

250 625 343 677 natus
366 614 418 693 sit,
445 617 534 677 iussu
556 615 631 678 noui
654 615 776 678 domini
797 615 884 678 adire
908 615 1115 676 hereditatem
1139 614 1245 698 dehet,
1272 635 1335 696 qua

250 702 371 764 ratione
394 720 452 782 per
474 721 547 763 eum
570 701 715 764 dominus
739 701 773 762 444
795 702 903 779 443433;
931 720 1004 763 nam
1027 703 1093 782 ipse
1115 720 1221 782 neque
1241 705 1334 764 heres

167 788 226 848 489
250 807 356 868 neque
378 788 462 850 liber
484 806 554 850 esse
577 797 692 869 potest.
733 785 867 850 Alienus
889 806 1016 868 quoque
1040 807 1153 850 seruus
1175 789 1270 850 heres
1285 789 1335 850 in-

250 875 382 936 stitutus
404 876 431 935 si
455 875 488 935 in
512 872 623 936 eadem
646 893 741 936 33333
764 871 946 951 4434333444,
980 873 1071 936 43333
1099 873 1217 935 domini
1241 874 1364 936 here-t

250 959 381 1022 ditatem
404 960 492 1022 adire
522 959 635 1037 debet;
669 962 696 1021 si
726 978 802 1022 uero
834 960 990 1022 alienatus
1020 960 1061 1022 ah
1090 979 1126 1021 eo
1155 959 1253 1022 433444
1281 971 1334 1022 334

250 1047 325 1108 3433
354 1055 503 1108 testatore
535 1055 590 1108 aut
623 1055 693 1127 post
723 1055 854 1108 mortem
890 1047 978 1122 3433,
1011 1054 1182 1126 antequam
1212 1056 1330 1123 cernat,

250 1131 347 1194 debet
369 1134 461 1194 iussu
484 1133 561 1193 noui
582 1132 702 1194 domini
725 1150 874 1208 eernere;
901 1132 928 1193 si
949 1150 1026 1194 uero
1041 1132 1257 1194 manumissus
1272 1142 1329 1208 est,

167 1217 226 1277 490
251 1237 307 1280 333
338 1217 469 1280 arbitrio
498 1217 586 1280 adire
613 1217 822 1281 hereditatem
851 1225 964 1298 4434334.
1019 1217 1052 1279 Si
1084 1226 1190 1280 autem
1221 1237 1333 1280 seruus

250 1305 373 1366 alienus
396 1305 490 1366 heres
513 1305 676 1366 institutus
699 1312 748 1365 est
769 1303 894 1385 uulgari
918 1305 1056 1365 oretioue
1087 1301 1178 1382 data,
1211 1304 1255 1366 ita
1284 1306 1332 1366 444-
1350 1317 1378 1362 44

251 1390 406 1471 4344344434
428 1389 497 1452 dies
527 1390 674 1452 cretionis
704 1389 834 1468 cedere,
865 1389 893 1450 si
923 1391 990 1470 ipse
1019 1408 1134 1452 seruus
1163 1391 1272 1452 scierit
1300 1410 1333 1452 se

249 1475 400 1538 heredem
416 1476 595 1563 institutum
611 1494 691 1554 esse,
718 1495 779 1538 nee
794 1476 896 1538 ullum
912 1474 1164 1556 inpedimentum
1182 1476 1235 1554 sit,
1255 1495 1334 1556 quo-

249 1561 356 1624 minus
379 1563 542 1624 certiorem
565 1562 727 1624 dominum
751 1562 885 1642 iaceret,
919 1570 955 1623 ut
982 1562 1069 1623 illius
1092 1562 1182 1623 iussu
1205 1581 1332 1624 eernere

249 1649 360 1728 possit.

159 1734 219 1793 494
335 1736 405 1796 Post
427 1735 505 1796 haee
528 1733 693 1796 uideamus
717 1732 756 1795 de
779 1734 901 1814 legatis.
941 1752 1023 1813 quae
1045 1751 1119 1812 pars
1142 1732 1223 1795 iuris
1246 1744 1331 1795 extra
1349 1746 1377 1791 43

250 1822 441 1900 propositam
464 1819 594 1900 quidem
610 1821 775 1881 materiam
790 1818 934 1896 uidetur;
962 1838 1035 1880 nam
1052 1820 1211 1900 loquimur
1226 1818 1268 1882 de
1284 1821 1331 1881 his

249 1906 330 1968 iuris
354 1906 475 1986 figuris,
501 1905 620 1986 quibus
642 1924 699 1986 per
721 1906 962 1968 uniuersitatem
986 1925 1038 1967 433
1053 1904 1139 1966 uobis
1154 1904 1332 1985 adquirun-

250 2001 315 2067 tur;
348 1991 406 2053 sed
428 2010 499 2053 oum
522 1993 606 2052 omni
629 1990 721 2053 modo
744 1989 784 2052 de
807 1993 1002 2053 testamentis
1031 1991 1136 2070 deque
1159 1991 1331 2055 heredibus

250 2077 305 2156 qui
328 2085 516 2139 testamento
539 2078 761 2155 instituuntur,
787 2078 883 2139 433344
906 2097 1033 2155 sumus,
1058 2095 1121 2138 nou
1145 2078 1215 2139 sine
1239 2097 1330 2141 33333
1349 2088 1377 2134 44

250 2164 397 2242 sequenti
420 2163 486 2224 loco
509 2161 522 2245 ΙΙ
544 2165 660 2244 poterit
682 2164 858 2226 4433343443
880 2165 1011 2225 materia
1032 2164 1172 2226 tractari.
1338 2173 1419 2236 444443

686 2249 734 2331 [nn
756 2249 899 2330 4334443]

167 2333 227 2394 494
339 2337 524 2415 Legatorum
547 2335 654 2416 itaque
677 2354 794 2416 genera
817 2345 890 2398 sunt
913 2343 1077 2416 quattuor:
1105 2343 1159 2397 334
1174 2335 1260 2396 enim
1276 2353 1332 2416 per

251 2419 499 2483 uindioationem
523 2422 665 2502 legamus
694 2431 749 2484 aut
778 2441 837 2502 per
865 2420 1097 2483 damnationem
1124 2429 1179 2482 aut
1206 2419 1330 2482 sinendi

250 2506 341 2570 modo
364 2517 416 2570 aut
439 2527 497 2588 per
518 2509 784 2589 praeceptionem.

167 2589 227 2651 493
337 2595 395 2655 Ρ34·
416 2593 664 2656 uindicationem
688 2595 746 2656 hoo
762 2591 853 2654 modo
869 2594 1011 2672 legamus
1026 2611 1108 2654 rrrro
1123 2592 1216 2654 uerbi
1233 2593 1329 2672 gratia
1346 2603 1376 2649 43

250 2699 382 2742 3344444444
403 2699 528 2742 34433444
557 2699 597 2742 no
627 2700 718 2757 4433;
751 2678 808 2742 3344
837 2675 894 2762 (et)
924 2679 951 2740 si
980 2678 1167 2740 atterutrum
1195 2678 1329 2740 uerbum

250 2765 388 2846 positum
411 2767 469 2844 sit,
495 2766 595 2828 ueluti
618 2786 658 2828 oo
681 2776 735 2828 aut
757 2784 853 2844 44433,
880 2784 981 2845 aeque
1003 2783 1062 2844 per
1084 2763 1329 2826 uindicationem

251 2853 388 2932 legatum
417 2861 479 2928 est3
514 2852 608 2929 item,
642 2861 678 2912 ut
707 2853 807 2931 magis
835 2852 939 2912 343334
969 2858 1030 2928 334,
1065 2851 1092 2912 34
1122 2851 1164 2912 443
1195 2851 1329 2932 legatum

250 2989 1328 3009 Amwvwwwxwmmvwvwmrvvmmwwvwxmwvvwwoevv

319 3061 393 3126 §⁴89
413 3060 468 3112 4343
487 3082 519 3104 =
538 3064 602 3113 44434,
618 3066 642 3123 4,
660 3067 701 3123 tt,
717 3068 727 3111 4
750 3063 761 3126 ΙΙ
778 3062 849 3127 §tet
872 3084 904 3106 =
922 3065 986 3116 lnst.
1003 3067 1027 3123 4,
1042 3067 1073 3112 43
1086 3078 1127 3129 pr.

251 3181 1330 3200 ΝΜΝΨᾺΛΛΛΛΝὊΝΛΛΛΜΙΨΝΜΛΝΧΝἉΝᾺΝΨΝΜΛΛΜΛΜΛΛΛΜΛΜΝΝΛΝΜΨ

320 3263 329 3308 4
353 3259 531 3310 hereditatem
550 3260 626 3310 adire
649 3261 676 3320 0,
703 3261 780 3310 adire
799 3261 977 3312 hereditatem
998 3261 1087 3325 4443411
1106 3266 1120 3310 4
1139 3263 1174 3312 344
1195 3261 1228 3322 0,
1253 3260 1330 3311 433444

251 3330 314 3378 lost.
339 3329 350 3392 ΙΙ
374 3329 477 3379 domini
497 3330 572 3389 4334,
600 3329 694 3380 domin
716 3329 736 3381 0
758 3327 847 3394 114433
868 3331 912 3393 0¹²,
938 3334 965 3380 et
982 3344 1014 3380 ea
1034 3331 1096 3380 44434.
1121 3330 1131 3393 ΙΙ
1154 3335 1168 3378 8
1188 3331 1282 3395 4443334
1302 3328 1328 3388 G,

250 3399 308 3462 ipse
326 3398 460 3448 alienatus
479 3399 542 3449 44434.
564 3399 575 3462 ΙΙ
594 3401 658 3448 3-4
679 3399 758 3449 443433
777 3412 866 3462 neque
891 3398 959 3450 liber
980 3399 1024 3460 0¹¹,
1051 3399 1120 3450 444434
1143 3413 1231 3462 neque
1254 3399 1331 3448 heres

251 3467 313 3517 4334.
331 3467 343 3530 tl
360 3472 374 3516 8
394 3468 498 3518 domiui
519 3467 547 3528 0,
567 3469 626 3518 3433
644 3467 747 3517 domiui
764 3469 807 3518 4434
825 3467 928 3518 domini
946 3469 1006 3518 eius
1025 3469 1088 3519 4334.
1108 3467 1119 3530 ΙΙ
1138 3471 1204 3518 4-3
1223 3467 1331 3518 heredi-

250 3538 333 3585 tatem
350 3536 426 3587 adire
448 3537 493 3598 09,
519 3536 594 3587 edire
619 3536 798 3587 hereditatem
818 3537 880 3587 4334.
905 3536 917 3600 n
942 3539 999 3587 834
1017 3550 1083 3587 3343
1104 3537 1131 3596 0,
1158 3541 1184 3587 34
1204 3538 1227 3587 34
1245 3537 1307 3588 4344.
1323 3532 1332 3602 tt

250 3608 265 3653 9
290 3607 384 3668 potest.
415 3607 439 3656 34
464 3609 554 3656 autem
573 3606 697 3670 44344333,
723 3611 769 3656 aot
791 3608 881 3671 potest
902 3609 994 3656 autem
1017 3611 1064 3656 334
1080 3607 1167 3672 potesi
1185 3607 1277 3656 autem
1298 3605 1330 3664 0,·

246 3676 331 3735 possis
349 3677 426 3725 344334
444 3677 507 3726 44333
519 3680 659 3736 4343444343.-
678 3677 777 3740 potest.
797 3677 825 3724 et
842 3671 890 3740 (34)
903 3675 981 3738 (cons.
998 3675 1030 3726 0⁸
1044 3687 1107 3739 4433.
1119 3677 1169 3730 437
1181 3688 1253 3726 atera.
1268 3671 1333 3740 48414

251 3746 282 3790 43
302 3743 467 3806 intellegitur
481 3743 620 3804 0333344344,
641 3745 723 3808 igitur
738 3744 758 3794 0
776 3743 855 3806 (conf.
873 3743 905 3795 0ι
919 3756 981 3807 pop.
993 3746 1042 3796 474
1062 3757 1131 3794 uera.
1143 3745 1189 3805 to)
1208 3743 1219 3806 ΙΙ
1239 3746 1270 3791 44
1289 3744 1331 3792 444-

250 3812 364 3861 stiutum
381 3811 400 3861 0
418 3812 428 3872 ΙΙ
448 3815 478 3860 47
497 3813 632 3877 portast,
652 3826 702 3877 pro
718 3813 746 3874 C,
761 3812 827 3875 coos.
843 3811 875 3862 09
889 3825 952 3876 pop.
966 3815 1017 3866 484
1029 3825 1100 3862 aera.
1118 3817 1148 3861 44
1162 3813 1173 3876 ΙΙ
1193 3817 1223 3861 48
1242 3813 1331 3862 omui-

250 3879 332 3930 modo
353 3879 381 3942 0,
402 3881 512 3929 omnino
533 3880 592 3929 4334.
612 3883 721 3941 (codices
736 3882 856 3943 4443444444)
875 3879 886 3943 ΙΙ
910 3885 940 3929 49
960 3882 1140 3932 433444333434
1159 3882 1230 3941 lost,
1252 3882 1331 3931 insti-

249 3951 329 3998 tuunt
349 3948 377 4011 0,
398 3949 465 4010 conf.
488 3947 694 4012 0833343314
721 3954 751 3998 43
771 3950 872 4014 poterit
891 3947 918 4011 0,
945 3952 1033 4014 potest
1052 3951 1115 4000 44434.
1141 3950 1153 4014 14
1176 3954 1208 4000 48
1232 3949 1280 4000 sed
1306 3951 1332 4000 et

250 4017 355 4080 44344333,
376 4017 426 4068 sed
441 4017 469 4077 G,
490 4018 556 4080 conf.
575 4017 607 4067 0⁸
621 4031 683 4082 pop.
696 4023 747 4068 434
766 4018 777 4080 ΙΙ
795 4018 955 4068 alterutrum
970 4018 1108 4083 0333344344,
1128 4018 1278 4081 3443433344
1293 4013 1331 4086 044

249 4089 281 4135 47
298 4100 348 4148 pro
366 4086 450 4138 ueluti
469 4089 587 4148 3344433434
612 4088 691 4137 otium
705 4089 865 4148 443444334343
883 4089 915 4149 (3.
930 4101 955 4151 9.
976 4088 1002 4137 id
1021 4089 1071 4148 est)
1090 4089 1101 4152 41
1120 4091 1151 4137 48
1170 4089 1261 4139 343343
1279 4087 1328 4150 est]

249 4157 326 4206 uisus
344 4157 405 4207 3344
426 4155 453 4215 0,
474 4155 539 4218 eoos.
561 4155 601 4206 0⁸.
