2908 4764
621 390 733 437 ,ᾗ-
775 373 826 416 rur
869 389 956 400 --

170 589 172 594 .
210 546 344 625 ducere,
372 543 531 626 siquidem
555 563 629 626 spes
652 564 741 626 spem
765 544 898 623 excitat,
935 546 1080 624 quotiens
1104 543 1205 606 codex
1226 544 1260 607 in
1283 565 1394 610 manus

206 633 391 694 resumitur.

294 720 329 780 ln
352 715 573 780 constituendo
597 725 747 778 contextu
769 726 896 797 praeter
925 717 1138 797 apographum
1167 736 1274 780 meum
1305 718 1395 780 adhi-

207 803 337 868 buimus
361 801 513 882 subsidia,
541 822 622 882 quae
646 803 679 864 in
702 803 796 864 huius
819 802 1024 884 praefationis
1047 803 1137 864 initio
1160 803 1391 882 iudicauimus;

208 893 242 952 in
264 893 314 954 his
336 891 515 971 principem
538 889 640 951 locum
670 889 711 951 ad
734 888 809 950 libri
834 890 857 950 C
877 889 1042 952 lectionem
1062 889 1289 970 'imperfectam
1318 911 1395 972 sup-

208 978 356 1058 plendam
380 977 434 1038 uel
456 975 662 1056 deprauatam
686 973 902 1056 corrigendam
932 984 1043 1038 tenent
1065 995 1120 1038 eae
1143 977 1320 1057 particulae
1343 978 1393 1038 ln-

208 1066 409 1127 stitntionum
433 1061 639 1140 Gaianarum,
674 1081 756 1142 quae
779 1063 812 1122 in
835 1062 1002 1124 Iustiniani
1025 1062 1161 1142 Digestis
1184 1063 1395 1125 Institutioni-

207 1149 310 1212 busue
334 1151 495 1231 leguntur.
536 1148 654 1221 Quodsi
678 1167 758 1228 quae
782 1148 1013 1229 discrepantiae
1036 1148 1181 1210 lectionis
1204 1149 1238 1209 in
1263 1149 1287 1210 G
1309 1151 1394 1211 etin
1445 1179 1447 1280 ,

206 1255 270 1299 uno
293 1237 432 1298 alteroue
456 1254 496 1296 ex
519 1235 583 1296 illis
606 1234 759 1297 subsidiis
782 1233 907 1296 obuiam
931 1233 1060 1312 fiebant,
1086 1253 1168 1314 quae
1183 1245 1340 1315 utraeque
1357 1235 1394 1297 ad
1446 1293 1447 1318 ,

207 1323 357 1384 orationis
372 1319 508 1383 Gaianae
523 1319 663 1382 indolem
687 1319 889 1400 quadrarent,
917 1319 1033 1382 codicis
1052 1321 1253 1385 Glectionem
1269 1322 1303 1382 in
1321 1341 1396 1384 con-

206 1415 329 1470 textum
352 1408 540 1487 recepimus.
589 1407 735 1469 Ceterum
764 1408 796 1467 in
824 1408 909 1468 hunc
932 1405 1072 1468 codicem
1099 1408 1258 1488 permulta
1280 1407 1394 1470 menda

208 1493 375 1555 influxisse
406 1503 437 1556 et
459 1495 674 1574 apographum
702 1512 808 1554 meum
838 1494 985 1573 quisquis
1014 1493 1117 1554 obiter
1145 1494 1318 1574 perlegerit
1347 1495 1397 1555 in·
1445 1527 1447 1542 =

206 1580 366 1662 tellegetl)
395 1588 426 1640 et
448 1579 633 1641 confirmant
657 1577 800 1640 subsidia
824 1579 877 1639 illa
900 1581 932 1640 in
955 1580 1002 1640 eis
1024 1578 1111 1658 locis,
1146 1578 1187 1640 ad
1214 1598 1296 1659 quae
1319 1581 1396 1642 haec

208 1675 328 1728 extant.
368 1664 472 1746 Atque
495 1673 532 1726 ut
554 1666 695 1726 omittam
717 1665 956 1746 neglegentium
972 1665 1172 1727 librariorum
1188 1666 1317 1728 calamis
1333 1685 1395 1728 non
1445 1731 1447 1742 ,

206 1771 307 1832 pauca
328 1751 502 1814 uerborum
525 1761 662 1812 monstra
686 1750 854 1830 excidisse,
880 1761 916 1813 ut
939 1753 1079 1812 omittam
1101 1752 1200 1813 uerba
1223 1751 1334 1813 eadem
1358 1752 1397 1814 ab
1445 1747 1447 1826 l

207 1839 416 1900 oscitantibus
439 1837 615 1900 artificibus
644 1837 699 1898 uel
729 1837 835 1917 potius
865 1837 1032 1918 opificibus
1063 1855 1157 1918 saepe
1186 1836 1226 1901 ad
1254 1838 1395 1900 taedium
1445 1833 1447 1904 l

205 1943 309 2004 usque
333 1924 478 2004 repetita,
505 1923 564 1984 tria
587 1924 787 2004 potissimum
811 1933 885 1985 sunt
908 1943 1024 2005 genera
1040 1923 1227 1985 mendorum
1244 1926 1277 1985 in
1296 1926 1329 2004 0,
1356 1923 1396 1986 de
1445 1929 1447 2002 l

206 2009 325 2089 quibus
348 2012 399 2070 hic
421 2009 564 2070 breuiter
587 2008 758 2071 dicendum
781 2019 846 2071 est:
873 2021 927 2072 ant
950 2012 1034 2071 enirn
1055 2010 1240 2090 compendia
1256 2013 1396 2091 scriptu·
1445 2019 1447 2106 l

206 2115 272 2174 rae,
298 2097 436 2176 quaein
460 2094 566 2156 codice
589 2096 643 2156 illo
666 2095 838 2176 archetypo
862 2095 1028 2174 extabant,
1056 2115 1097 2158 ex
1120 2115 1182 2176 quo
1204 2098 1397 2159 Veronensis

206 2181 387 2262 descriptus
411 2191 476 2260 est,
509 2181 599 2244 foede
623 2183 735 2244 uitiata
758 2193 850 2261 sunt,
883 2191 938 2244 aut
970 2182 1084 2244 scholia
1115 2183 1185 2243 siue
1208 2183 1396 2264 glossemata

206 2287 287 2348 quae
310 2268 384 2329 olim
408 2269 441 2328 in
464 2270 606 2349 margine
628 2268 681 2330 uel
704 2269 789 2329 intra
811 2288 926 2331 uersus
948 2267 1107 2348 adscripta
1131 2277 1230 2348 erant,
1264 2269 1299 2330 in
1321 2289 1397 2331 uer·
1446 2261 1447 2308 ³

204 2353 317 2416 borum
342 2363 525 2416 contextum
549 2355 757 2436 irrepserunt,
784 2364 839 2416 aut
860 2355 952 2435 plura
974 2354 1074 2416 uerba
1096 2363 1227 2435 propter
1248 2356 1398 2417 homoeo-
1446 2399 1447 2442 ,

205 2442 346 2504 teleuton
370 2440 615 2504 interciderunt.
662 2443 745 2504 Haec
775 2442 975 2522 potissimum
1005 2459 1135 2502 necesse
1167 2451 1216 2503 est
1247 2460 1342 2503 nosse
1367 2450 1397 2503 et
1446 2457 1447 2504 3

203 2529 307 2590 animo
338 2546 463 2609 semper
492 2529 629 2609 agitare,
661 2528 718 2590 ubi
745 2529 779 2588 in
809 2525 1008 2590 emendando
1038 2527 1104 2588 loco
1136 2527 1242 2606 aliquo
1272 2526 1397 2590 difficili

202 2624 299 2695 atque
323 2615 487 2696 scopuloso
510 2615 663 2676 uerseris.
1442 2633 1447 2700 ᾗ

289 2698 334 2762 Ao
357 2710 441 2761 certa
465 2700 531 2761 lere
555 2700 773 2762 emendatione
797 2701 889 2780 longe
912 2700 1069 2778 plurimae
1092 2718 1200 2761 earum
1230 2709 1397 2780 corrupte·
1446 2705 1447 2720 ²

204 2786 307 2846 larum
338 2781 412 2846 libri
439 2787 462 2844 Ο
490 2780 594 2846 sanari
625 2795 773 2866 possunt,
809 2804 890 2864 quae
921 2805 961 2845 ex
990 2787 1166 2866 scripturae
1197 2785 1398 2866 compendiis

205 2872 392 2951 saepissime
415 2869 567 2932 adhibitis
590 2880 675 2932 ortae
699 2880 790 2948 sunt;
818 2879 935 2932 certam
959 2871 1044 2932 enim
1066 2873 1220 2932 rationem
1243 2880 1397 2952 certaque
1445 2883 1447 2950 l

204 2965 377 3038 praecepta
399 2955 577 3017 librariolos
601 2957 634 3016 in
657 2956 846 3018 adhibendis
874 2958 958 3018 notis
981 2958 1054 3018 olim
1078 2967 1202 3020 secutos
1226 2975 1297 3019 esse
1322 2978 1399 3020 con·

202 3051 275 3104 stat.
322 3042 427 3122 Atque
453 3060 524 3104 cum
549 3042 576 3103 is
600 3042 716 3122 codex,
750 3062 789 3104 ex
820 3062 882 3123 quo
898 3043 1094 3106 ¹Veronensis
1124 3043 1306 3123 descriptus
1336 3054 1394 3124 est,
1446 3039 1447 3068 l

203 3127 397 3190 illiusmodi
421 3128 617 3209 compendiis
641 3130 710 3191 siue
734 3129 816 3190 notis
839 3128 1059 3211 abundaretssl,
1096 3128 1211 3192 factum
1236 3140 1285 3190 est
1308 3141 1347 3192 ut
1369 3132 1398 3192 is

202 3214 257 3294 qui
280 3217 493 3276 Veronensem
516 3217 676 3294 exorauit,
703 3235 773 3278 cnm
798 3217 831 3276 in
856 3235 891 3278 eo
915 3215 999 3296 quod
1022 3215 1230 3296 profitebatur
1252 3234 1317 3278 non
1342 3235 1398 3278 ae·
1446 3289 1447 3296 ἵ

203 3319 266 3380 que
289 3310 385 3381 atque
409 3301 604 3380 antiquiores
627 3303 741 3362 notarii
764 3302 952 3382 excelleret,
979 3302 1057 3364 alias
1080 3311 1169 3364 notas
1191 3302 1273 3363 male
1298 3303 1398 3364 intel-

270 3489 295 3550 5)
316 3488 391 3540 Conl.
416 3488 448 3538 (ἲΒ
464 3502 585 3553 prooem.
605 3504 665 3556 pag.
678 3505 736 3540 xrrr
750 3503 805 3554 seq.
1446 3535 1447 3552 2

272 3559 294 3620 6)
316 3558 478 3609 abundasse
497 3559 620 3610 codicem
640 3560 832 3623 archetypum,
859 3575 889 3611 ex
908 3574 962 3624 quo
981 3561 1146 3610 Veronensis
1168 3559 1324 3625 descriptus
1344 3564 1396 3621 est,
1445 3557 1447 3630 l

202 3627 354 3690 scripturae
379 3627 549 3692 compendiis
574 3642 637 3679 cum
662 3641 711 3692 per
736 3641 764 3679 se
787 3629 876 3694 palam
902 3633 943 3678 est
965 3632 1023 3678 tum
1047 3630 1105 3693 ipse
1130 3629 1185 3678 dixi
1209 3630 1236 3678 in
1261 3630 1398 3693 prooemii
1445 3633 1447 3696 ξ

202 3697 357 3760 apographo
376 3709 438 3746 meo
457 3698 601 3761 praemissi
621 3711 682 3762 pag.
696 3712 729 3747 xx
747 3698 789 3747 his
806 3697 914 3748 uerbis:
942 3700 1065 3748 »constat
1085 3736 1091 3747 .
1108 3736 1136 3749 ..
1157 3697 1340 3763 archetypum
1367 3711 1398 3750 ea
1446 3707 1447 3728 l

201 3766 287 3815 aetate
306 3769 446 3816 exaratum
468 3764 566 3827 luisse,
588 3781 641 3831 qna
660 3767 725 3817 artis
744 3767 855 3818 notandi
874 3767 963 3818 studia
983 3767 1131 3817 laetissime
1147 3768 1279 3830 uigerent.
1287 3786 1300 3813 «
1335 3769 1399 3818 Dixi
1445 3741 1447 3854 ff

202 3835 292 3883 autem
311 3833 434 3897 inisse,
456 3848 510 3885 non
529 3848 607 3886 esse
626 3835 697 3896 ideo,
718 3837 780 3900 quia
800 3836 885 3886 codex
903 3836 1066 3900 archetypus
1084 3834 1167 3886 hodie
1186 3849 1238 3886 raon
1259 3841 1396 3902 superest.
1445 3855 1447 3894 t

201 3901 292 3953 Verba
311 3916 371 3954 mes
392 3904 471 3953 aliter
495 3905 629 3954 intellexit
646 3905 666 3954 1.
687 3905 716 3957 B.
737 3905 868 3956 Polenaar
891 3905 919 3953 in
937 3905 1113 3968 Mnemosyne
1135 3905 1206 3967 (nou.
1225 3917 1277 3955 ser.
1295 3907 1354 3957 nol.
1374 3919 1401 3956 rr
1445 3903 1447 3968 l

198 3985 259 4036 pag.
282 3975 331 4022 lla
351 3985 399 4036 seq
421 3972 450 4035 .),
477 3974 554 4038 quasi
575 3973 703 4024 dixissem
723 3973 899 4038 archetypum
918 3987 978 4024 eam
997 3976 1112 4024 aetatem
1131 3975 1321 4037 antecessisse,
1343 3989 1399 4040 que
1445 3981 1447 4044 ξ

199 4041 288 4091 studia
308 3987 422 4092 notandi
436 4041 582 4093 laetissime
594 4044 727 4106 uigerent.
760 4044 841 4094 Recte
854 4055 899 4092 me
912 4043 946 4092 de
959 4046 1085 4092 notarum
1098 4043 1125 4092 in
1139 4043 1233 4094 codice
1246 4043 1400 4110 archetypo
1446 4047 1447 4068 ¹

197 4107 350 4174 frequentis
378 4109 512 4162 iudicasse
535 4111 616 4162 docet
641 4125 718 4162 rnnrx
742 4124 861 4164 noranvu
885 4111 1040 4176 apographo
1065 4125 1126 4162 meo
1155 4113 1223 4177 (pag.
1243 4114 1399 4176 fisa-3⁴2)
1445 4079 1447 4142 l

196 4178 348 4233 subiectus.
