2908 4764
281 351 315 400 44
334 349 461 415 §rs-sn
662 381 747 396 ..-
795 350 853 412 106
897 379 983 396 ...-

219 539 257 599 45
281 539 315 600 Si
338 539 368 599 44
391 538 445 618 qui
469 536 639 600 defunctus
662 539 733 616 erit,
759 539 800 599 sit
822 536 917 599 444444
938 548 972 600 44
992 537 1122 600 alterius
1143 537 1252 601 fratris
1268 540 1365 618 filius,

282 626 365 686 sicut
394 643 434 686 ex
464 623 682 705 superioribus
705 625 919 704 intellegitur,
950 624 1048 686 444444
1069 625 1168 704 potior
1191 634 1256 704 est,
1291 627 1368 706 quia

280 709 380 790 gradu
402 710 574 792 praecedit.
608 710 664 773 sed
687 710 749 773 alia
771 709 852 772 iacta
874 719 923 771 est
944 709 1023 772 iuris
1046 709 1268 792 interpretatio
1284 713 1370 774 inter

219 797 258 857 46
282 815 356 858 4444
377 795 522 858 heredes.
571 795 689 869 Quodsi
718 795 862 858 defuncti
890 797 999 858 nullus
1023 795 1121 857 frater
1142 805 1245 875 extet,
1281 795 1367 881 (sed)
1444 845 1445 850 1

282 884 347 945 sint
371 881 465 944 liberi
489 881 639 961 tratrem,
672 881 713 944 ad
735 901 844 944 omnes
867 881 996 962 quidem
1020 881 1180 944 hereditas
1205 884 1363 963 pertinet;
1385 899 1397 944 4

281 968 338 1030 scd
365 969 544 1050 quaesitum
574 977 637 1045 est,
672 969 698 1030 si
729 967 850 1048 dispari
872 968 950 1030 lorte
974 986 1106 1030 numero
1128 969 1193 1030 4444
1214 971 1298 1047 nati,
1331 980 1369 1031 nt

281 1073 321 1116 ex
342 1074 406 1117 uno
429 1073 514 1117 unus
537 1055 590 1116 uel
613 1053 694 1132 duo,
720 1073 760 1115 ex
783 1054 880 1116 altero
903 1063 968 1116 tres
993 1055 1043 1116 uel
1067 1063 1231 1134 quattuor,
1258 1064 1368 1117 utrum
1444 1057 1445 1106 4

281 1141 314 1202 44
337 1143 452 1222 stirpes
475 1139 648 1202 diuidenda
672 1142 714 1202 sit
736 1139 906 1218 hereditas,
932 1139 1014 1202 sicut
1036 1140 1119 1201 inter
1140 1159 1215 1202 suos
1231 1141 1369 1204 heredes

281 1226 360 1288 iuris
391 1234 457 1304 est,
490 1245 530 1287 an
555 1228 662 1306 potius
684 1227 718 1288 44
741 1227 853 1306 capita.
892 1227 953 1287 iam
975 1225 1097 1288 dudum
1119 1235 1225 1287 tamen
1248 1227 1369 1307 placuit

281 1315 314 1374 in
345 1313 448 1393 capita
478 1311 685 1374 diuidendam
715 1331 784 1374 esse
813 1311 1033 1374 hereditatem.
1079 1314 1185 1392 itaque
1215 1320 1370 1393 quotquot
1385 1326 1412 1372 44

281 1406 377 1461 44444
399 1397 439 1460 ab
461 1407 597 1478 utraque
620 1407 711 1479 parte
730 1415 893 1478 personae,
920 1401 953 1460 44
968 1408 1014 1459 444
1028 1400 1188 1478 portiones
1205 1398 1368 1461 hereditas

281 1483 457 1563 diuidetur,
484 1485 525 1546 ita
549 1493 586 1547 ut
607 1485 725 1565 singuli
747 1484 890 1564 singulas
912 1485 1072 1564 portiones
1094 1483 1209 1546 444444.
1444 1565 1445 1570 ¹

219 1569 257 1630 47
367 1572 400 1633 Si
423 1571 531 1632 nullus
552 1579 686 1651 agnatus
708 1571 767 1648 sit,
801 1568 911 1632 eadem
938 1571 996 1632 lem
1017 1571 1062 1631 ir‘r
1084 1569 1265 1632 tabularum
1288 1589 1369 1650 gen-

281 1657 354 1718 44144
376 1655 417 1720 441
439 1657 646 1720 hereditatem
668 1665 773 1718 uocat.
806 1657 861 1736 qui
884 1658 949 1718 sint
970 1665 1075 1718 autem
1091 1657 1236 1736 gentiles,
1263 1658 1367 1737 primo
1387 1667 1414 1713 44

282 1739 515 1827 oomllmentario
538 1743 736 1819 rettulimus;
764 1751 889 1803 etcum
912 1742 978 1803 illic
993 1741 1249 1804 admonuerimus
1264 1751 1445 1816 4444444444

281 1829 508 1909 gentilicium
499 1829 606 1890 44444
628 1826 872 1890 desuetudinem
895 1827 1027 1907 abiisse,
1062 1847 1296 1908 superuacuum
1320 1838 1369 1890 cst

239 1915 338 1975 hoc
361 1933 487 1994 quoque
510 1915 575 1976 loco
598 1913 639 1976 de
662 1913 772 1976 eadem
795 1932 828 1976 rc
850 1915 1004 1976 curiosius
1026 1923 1172 1976 tractare.
1444 1927 1445 1994 3

219 2001 257 2059 l8
368 2001 526 2062 Hactenus
548 2001 686 2080 14ς4ἷιι
708 1999 887 2063 tabularum
916 2001 1023 2062 finitae
1051 2009 1126 2062 sunt
1148 2001 1368 2062 intestatorum
1444 2047 1445 2084 ,

281 2084 486 2148 hereditates.
519 2084 604 2166 quod
619 2087 670 2148 ius
686 2085 950 2167 quemadmodum
966 2087 1110 2148 strictum
1129 2085 1236 2164 luerit,
1262 2087 1368 2167 palam

219 2173 257 2232 49
282 2180 330 2232 444
352 2172 551 2252 intellegere.
599 2173 711 2235 Statim
734 2175 820 2234 enim
844 2173 1031 2253 emancipati
1057 2172 1147 2234 liberi
1170 2172 1293 2234 nullum
1317 2173 1369 2234 ius
1386 2185 1414 2230 44

282 2256 315 2318 44
337 2256 545 2320 hereditatem
567 2259 710 2339 parentis
733 2278 773 2320 cx
796 2277 831 2320 44
856 2260 927 2340 lege
949 2259 1085 2337 hahent,
1118 2278 1188 2320 cnm
1213 2257 1370 2320 desierint

217 2345 257 2405 et
283 2344 333 2406 sui
362 2343 497 2406 heredes
521 2363 601 2406 esse.
649 2344 738 2407 Idem
760 2345 841 2407 iuris
863 2353 926 2424 444,
960 2346 987 2406 44
1011 2344 1081 2406 44144
1105 2343 1193 2405 liberi
1217 2363 1280 2405 444
1303 2345 1370 2406 4444

282 2431 316 2490 44
338 2440 493 2511 potestate
515 2432 627 2512 patris,
662 2432 736 2512 quia
759 2431 824 2494 sint
846 2449 917 2492 cum
940 2450 975 2492 44
999 2431 1128 2493 ciuitate
1150 2432 1287 2492 ltomana
1310 2430 1370 2492 do-

218 2519 253 2580 24
282 2519 359 2595 4444,
385 2536 444 2580 444
466 2517 506 2580 ab
529 2520 716 2598 imperatore
732 2518 765 2578 in
780 2525 967 2598 potestatem
984 2517 1103 2579 redacti
1118 2515 1248 2578 44444444.
1289 2517 1368 2578 ltem

250 2605 252 2608 ’
282 2603 388 2684 agnati
411 2605 512 2684 capite
535 2603 691 2666 deminuti
714 2622 776 2664 non
799 2602 1011 2665 admittuntur
1032 2622 1072 2664 ex
1095 2621 1131 2663 ea
1154 2603 1223 2681 lege
1246 2601 1288 2663 ad
1311 2603 1370 2662 he-
1386 2613 1415 2659 44

283 2689 461 2769 reditatcm,
487 2691 561 2770 quia
584 2709 699 2752 nomen
722 2689 899 2770 agnationis
922 2689 1035 2768 capitis
1058 2687 1274 2750 deminutione
1293 2707 1369 2769 per-

218 2775 258 2836 22
282 2777 402 2837 imitur.
443 2776 520 2837 ltem
544 2777 686 2856 proximo
710 2784 822 2856 agnato
845 2793 909 2835 non
932 2775 1068 2837 adeunte
1093 2773 1302 2836 hereditatem
1318 2774 1369 2834 ni-

352 2995 409 3060 §ts
429 2965 463 3046 cm
481 2996 669 3059 superioribus}
684 2995 710 3061 §5
723 3001 746 3046 8.
761 3001 788 3046 44
812 2997 823 3060 ΙΙ
841 2994 854 3060 §
869 3001 899 3045 44
916 2999 1003 3059 primo
1020 2995 1212 3059 commentario]
1230 3001 1254 3057 4,
1270 2999 1352 3047 44444

1115 3115 1314 3130 ΝΝΝΝΛΜΝΛΛΜ
1319 3115 1369 3130 -W

354 3205 363 3249 4
386 3202 411 3251 44
429 3201 477 3264 qui
494 3200 522 3260 0,
542 3202 603 3265 quis
619 3201 680 3252 0444.
700 3200 712 3265 ΙΙ
730 3203 765 3252 444
780 3201 917 3262 desectos,
939 3207 984 3252 44444
1002 3203 1026 3251 si
1038 3205 1084 3251 4444
1097 3204 1121 3251 44
1137 3201 1165 3261 0,
1191 3203 1214 3251 si
1232 3203 1268 3252 sit
1283 3202 1345 3254 0444.
1360 3201 1370 3267 Η

283 3271 406 3333 4444444
426 3270 500 3330 0444,
520 3271 594 3334 prior
615 3269 661 3334 044
680 3273 694 3318 3
713 3269 784 3321 iacta
803 3274 844 3321 444
865 3271 892 3330 0,
913 3270 982 3321 lacta
1003 3270 1064 3321 0444.
1086 3269 1097 3331 ΙΙ
1117 3272 1130 3318 4
1150 3270 1199 3320 4441
1220 3269 1297 3330 0444,
1317 3285 1367 3320 om.

286 3338 396 3402 044444.
420 3339 452 3390 0ι
467 3352 530 3402 pop.
544 3343 596 3390 444
613 3353 683 3390 uere.
700 3341 743 3399 47)
766 3339 778 3403 ΙΙ
802 3343 816 3388 4
835 3337 903 3390 44444
923 3353 1036 3389 numero
1055 3339 1110 3390 sint
1131 3339 1159 3398 0,
1180 3352 1296 3390 numero
1315 3341 1371 3390 sint

282 3407 350 3458 torte
375 3407 437 3460 0444.
464 3407 476 3471 ll
501 3411 531 3458 nt
558 3407 585 3467 0,
613 3421 662 3458 om.
690 3407 769 3469 0444,Ι
794 3409 897 3472 4414444)
925 3409 1054 3472 Boeotiae
1078 3408 1156 3470 (cons.
1180 3407 1213 3458 0ι
1233 3421 1297 3472 pop.
1317 3413 1367 3459 444

282 3489 352 3529 cers.
366 3478 410 3539 444
434 3476 445 3540 ΙΙ
468 3481 482 3525 4
508 3491 541 3527 cx
564 3477 648 3527 altero
670 3477 698 3538 0,
723 3481 749 3526 44
773 3478 909 3528 44414444
932 3477 994 3529 0444,
1019 3477 1030 3540 ΙΙ
1051 3475 1095 3526 441
1115 3478 1245 3540 quattuor
1266 3477 1294 3536 0,
1321 3480 1370 3526 ant

283 3547 411 3609 quattuor
432 3545 492 3597 0444.
519 3546 529 3608 ΙΙ
552 3549 566 3595 4
586 3548 676 3596 tamen
704 3547 732 3609 0,
758 3549 849 3596 autern
875 3545 935 3596 0444.
960 3545 971 3609 li
997 3549 1027 3593 44
1047 3557 1107 3596 4444
1128 3545 1172 3604 04,
1197 3558 1247 3597 cm
1271 3545 1334 3596 0444.
1357 3543 1368 3612 ll

285 3617 316 3662 44
334 3616 369 3664 ite
389 3617 419 3665 ut
440 3613 468 3674 0,
488 3618 514 3664 44
536 3615 597 3666 Coit.
617 3614 735 3678 ulerunt
755 3613 781 3675 0,
803 3614 894 3666 lerunt
915 3616 957 3675 Vc,
983 3613 1142 3676 4444444414,
1169 3612 1293 3664 44444444
1316 3617 1343 3665 Vi
1360 3617 1369 3677 14

284 3686 313 3732 tt
335 3683 377 3733 4444
397 3682 470 3742 0444,
491 3683 516 3734 14
537 3682 565 3746 0,
585 3684 653 3747 cont.
677 3685 709 3736 ca
724 3697 786 3747 paq.
799 3686 850 3738 sto
873 3684 884 3746 ΙΙ
907 3683 1021 3748 gentiles
1042 3683 1113 3743 0444,
1141 3682 1302 3746 gentitelcst
1324 3684 1369 3738 04

284 3753 315 3799 44
333 3755 414 3801 uocat
436 3751 510 3812 0444,
534 3755 636 3802 uocant
657 3752 677 3804 0
698 3758 723 3803 et
740 3754 822 3803 444444
843 3753 872 3803 Vi
891 3751 953 3805 0444.
978 3751 989 3814 ΙΙ
1014 3755 1045 3802 ts
1064 3753 1262 3802 commentario
1281 3757 1370 3802 rettu-

284 3821 365 3870 limus
384 3823 410 3870 et
430 3819 465 3880 0,·
484 3823 714 3872 comentariorum
732 3824 759 3871 et
776 3822 902 3872 ultimum
922 3821 992 3881 etB,
1013 3822 1209 3870 commentario
1228 3821 1370 3886 respondit

283 3895 308 3940 44
331 3889 458 3940 ultimum
483 3893 510 3939 44
531 3890 573 3952 Vc,
600 3891 797 3940 commentario
822 3893 848 3940 et
866 3889 993 3940 ultimum
1012 3893 1039 3938 et
1061 3891 1089 3939 Vt
1111 3889 1122 3952 41
1146 3892 1232 3939 totum
1262 3889 1290 3949 0,
1316 3903 1367 3939 om.

286 3959 348 4010 0444
373 3958 385 4022 ll
409 3961 439 4007 44
458 3926 626 4021 gentilicium
649 3958 722 4018 0444,
749 3958 907 4038 gentilicum
928 3957 979 4021 041
1004 3962 1034 4007 44
1055 3957 1202 4020 4444144440,
1222 3969 1253 4008 44
1275 3958 1365 4008 Coti.
1362 3987 1370 4019 ,

282 4042 312 4078 44
328 4028 401 4090 0444,
421 4027 491 4078 444444
506 4026 527 4076 0
544 4026 555 4090 ΙΙ
572 4027 709 4077 curiosius
728 4041 763 4077 ecc
781 4027 918 4077 curiusius
931 4026 1107 4077 correctumtt
1124 4025 1136 4089 ΙΙ
1155 4030 1187 4075 44
1206 4026 1278 4077 idem
1300 4027 1371 4077 044-

283 4099 372 4159 44444,
397 4097 460 4146 dem
481 4093 516 4216 dg
534 4094 546 4159 l
565 4099 595 4144 te
622 4096 741 4146 14444444
768 4096 910 4158 04444444,
936 4108 992 4163 pm·
1021 4094 1049 4155 0,
1069 4096 1137 4158 coes.
1117 4094 1192 4158 [0ι
1206 4108 1269 4159 pcc.
1283 4101 1336 4149 262
1359 4093 1370 4160 ΙΙ

283 4167 314 4213 44
333 4168 466 4230 potestate
