2908 4764
227 545 298 588 rum
321 525 513 587 Gaianorum
535 533 718 588 contextum
741 534 774 586 et
796 525 886 588 illum
909 524 949 588 de
973 544 1035 606 quo
1058 523 1197 587 diximus
1225 534 1411 605 apparatum

227 613 381 690 criticum,
408 610 548 673 indicem
570 612 787 692 congessimus
809 631 918 674 eorum
941 612 1090 690 locorum,
1117 611 1172 690 qui
1193 610 1248 672 uel
1270 611 1303 670 in
1318 611 1412 690 Dige-

226 700 284 760 stis
305 698 359 760 uel
390 697 422 760 in
449 697 706 760 institutionibus
728 697 895 760 Iustiniani
924 698 977 760 uel
1006 698 1039 758 in
1068 697 1138 758 aliis
1167 695 1258 757 libris
1288 696 1411 759 iuridici

227 782 402 864 argumenti
425 803 466 846 ex
488 784 546 846 Gai
568 782 824 846 Institutionibus
847 785 914 846 siue
938 783 978 846 ad
1001 783 1139 868 uerbum
1165 791 1260 845 tenus
1288 793 1412 848 seruata

228 870 379 932 orationis
402 868 539 933 Gaianae
563 870 663 932 forma
685 871 754 932 siue
778 870 884 932 leuius
907 869 1072 932 immutata
1094 867 1254 950 desumpti
1277 869 1409 952 sunt21).

227 955 400 1019 Omisimus
421 965 528 1019 tamen
549 957 582 1018 in
605 957 664 1018 hoo
686 955 791 1018 indice
814 957 990 1037 Epitomam
1011 954 1171 1033 Gaianam,
1199 974 1295 1036 quam
1316 975 1358 1017 ne
1383 958 1411 1019 in

227 1050 382 1123 apparatu
403 1043 511 1104 critico
534 1041 665 1122 quidem
687 1043 858 1105 citauimus
881 1043 942 1104 nisi
965 1043 998 1102 in
1021 1041 1097 1103 locis
1120 1039 1314 1121 quibusdam
1331 1041 1412 1114 diffi-

228 1127 403 1190 cilioribus.
443 1129 503 1191 Vbi
527 1147 652 1207 eorum,
679 1129 733 1208 qui
756 1130 789 1190 iu
812 1130 869 1190 hoc
892 1127 997 1190 indice
1021 1128 1248 1209 respiciuntur,
1280 1126 1411 1191 fontium

227 1222 396 1276 contextus
417 1215 496 1277 adeo
519 1215 677 1277 consentit
699 1234 770 1277 cum
793 1215 872 1295 ipsis
887 1214 944 1276 Gai
966 1212 1086 1290 uerbis,
1112 1223 1149 1276 ut
1169 1233 1278 1275 omnes
1293 1213 1413 1278 discre-

227 1302 355 1381 pantias
371 1301 490 1363 axillis
505 1301 538 1362 in
553 1309 709 1382 apparatu
725 1301 833 1362 critico
848 1309 977 1364 enotare
993 1301 1096 1380 liceat,
1115 1300 1174 1361 hoc
1189 1299 1278 1379 signo
1294 1301 1412 1364 utimur

227 1406 308 1443 »ιτα
330 1386 415 1467 (uide
438 1406 467 1449 e.
486 1406 516 1467 g.
542 1388 554 1447 I
577 1385 659 1469 §i);
694 1386 751 1449 ubi
781 1387 875 1468 paulo
904 1385 1052 1468 pluribus
1074 1387 1250 1448 immutatis
1272 1388 1317 1448 ita
1340 1407 1412 1449 con-

227 1473 340 1551 sentit,
374 1480 411 1534 ut
439 1473 504 1535 fere
528 1492 636 1536 omnes
659 1471 888 1554 discrepantias
911 1481 1039 1536 enotare
1062 1473 1203 1552 licuerit,
1237 1473 1296 1534 hoc
1325 1476 1412 1554 signo

226 1557 313 1619 »fere
336 1579 399 1616 =«
427 1558 511 1640 (uide
536 1579 561 1621 e.
580 1579 610 1640 g.
636 1560 648 1619 1
670 1557 775 1641 §38);
809 1558 865 1622 ubi
900 1559 1037 1639 denique
1061 1558 1209 1621 Gaianam
1240 1560 1412 1622 oraticnem
1451 1633 1452 1636 Ἴ

227 1643 362 1707 liberius
389 1654 543 1708 mutatam
572 1665 642 1707 esse
672 1655 822 1726 apparet,
854 1663 950 1725 quam
980 1654 1015 1707 ut
1044 1663 1152 1706 omnes
1182 1643 1412 1726 discrepantias

226 1739 353 1793 enotare
376 1730 423 1794 ias
446 1733 488 1794 sit
508 1767 553 1776 —
575 1730 609 1793 id
631 1731 718 1812 quod
740 1733 868 1812 saepius
890 1733 924 1793 in
947 1731 1038 1794 libris
1060 1731 1299 1793 Institutionum
1321 1733 1413 1794 lusti-

226 1817 315 1878 niani
337 1818 430 1879 tertio
446 1827 478 1879 et
499 1826 611 1898 quarto
627 1837 723 1897 quam
738 1818 772 1877 in
787 1817 878 1879 libris
892 1819 995 1899 primo
1011 1826 1042 1879 et
1058 1817 1197 1880 secundo
1213 1817 1330 1880 iactum
1346 1838 1412 1882 esse

226 1912 349 1964 constat
369 1939 423 1982 —,
449 1904 508 1964 hoc
530 1905 619 1983 signo
642 1905 763 1964 utimur
784 1903 904 1964 »contu
930 1902 1014 1983 (uide
1038 1922 1066 1964 e.
1085 1923 1114 1984 g.
1140 1905 1153 1962 1
1176 1901 1276 1986 §39].

313 1989 348 2048 In
371 1988 482 2050 codem
498 1989 736 2052 adnotationum
751 1990 902 2052 laterculo
919 1989 1023 2052 sicubi
1039 1990 1135 2052 Gaius
1151 1991 1219 2070 ipse
1236 1989 1314 2053 alios
1331 2011 1414 2054 com·

227 2076 454 2136 mentariorum
476 2094 609 2137 suorum
632 2076 715 2137 locos
737 2077 823 2154 citat,
849 2095 903 2138 eos
925 2077 1008 2138 locos
1030 2077 1098 2138 suis
1120 2077 1263 2138 numeris
1278 2079 1414 2158 signatos

227 2159 442 2223 iudicauimus
468 2159 556 2242 (uide
580 2180 609 2222 e.
628 2181 659 2242 g.
685 2160 816 2245 1§39).

313 2247 348 2307 ln
370 2248 562 2328 paginarum
593 2248 732 2328 margine
761 2247 872 2310 dentre
900 2265 1050 2309 numeres
1080 2249 1268 2329 paginarum
1299 2249 1413 2312 codicis

227 2333 419 2395 Veronensis
441 2332 681 2414 adscripsimus,
707 2334 838 2396 confinia
862 2335 973 2396 harum
995 2335 1183 2414 paginarum
1208 2334 1326 2415 inipso
1343 2355 1414 2399 uer-

229 2417 345 2480 borum
368 2420 559 2482 Gaianorum
582 2429 734 2483 contextu
760 2421 809 2482 his
832 2420 956 2484 lineolis
978 2418 990 2500 d
1014 2420 1281 2500 significauimus:
1315 2422 1413 2484 ueluti

227 2504 326 2568 huius
344 2505 492 2569 editionis
513 2525 586 2588 pag.
606 2509 623 2569 i
648 2527 735 2570 uers.
754 2509 794 2570 22
819 2507 878 2568 hae
893 2507 1028 2569 lineolae
1044 2503 1186 2568 indicant
1200 2515 1271 2587 post
1285 2509 1337 2570 uel
1352 2517 1415 2570 ter·

227 2591 343 2653 minari
358 2592 477 2656 codicis
491 2595 682 2656 Veronensis
697 2595 844 2674 paginam
857 2594 887 2670 2,
906 2592 1047 2654 incohari
1063 2591 1207 2654 eiusdem
1223 2595 1372 2673 paginam
1383 2595 1411 2655 3.

199 2703 201 2708 ·
228 2678 392 2740 Praeterea
407 2681 440 2740 in
464 2679 574 2742 eodem
589 2683 777 2760 paginarum
792 2678 934 2759 margine
950 2679 1063 2740 dextro
1085 2680 1326 2742 numerauimus
1343 2700 1415 2743 uer·

228 2782 284 2825 sus
313 2766 502 2844 paginarum
533 2766 630 2827 huius
659 2764 825 2841 editionis,
865 2762 905 2834 ad
932 2783 1011 2844 quos
1042 2763 1261 2828 adnotationes
1292 2767 1414 2828 criticas

228 2847 422 2928 redegimus.
1256 2893 1258 2900 -

315 2935 350 2995 In
373 2936 561 3016 paginarum
585 2937 726 3016 margine
750 2935 876 2998 sinistro
899 2933 1127 3016 adscripsimus
1149 2955 1298 2998 numeros
1320 2957 1415 3018 para-

230 3021 422 3101 graphorum
452 3023 609 3102 cuiusque
639 3022 729 3098 libri;
771 3020 944 3083 eorundem
972 3041 1128 3085 summam
1155 3023 1414 3102 comprehensam

229 3125 330 3187 prope
353 3109 526 3186 marginem
550 3107 740 3169 exteriorem
769 3107 811 3190 (in
835 3127 957 3169 summa
979 3109 1104 3190 pagina)
1133 3109 1352 3172 exhibuimus.

317 3194 475 3254 Postremo
499 3213 570 3256 cum
592 3194 716 3256 nullum
744 3213 823 3274 opus
852 3213 869 3255 a
898 3195 1105 3276 typographis
1136 3196 1180 3256 ita
1208 3195 1350 3275 finiatur,
1384 3204 1416 3258 ut

230 3279 325 3359 plane
340 3278 516 3359 perfectum
531 3279 594 3341 dici
613 3281 724 3360 possit,
750 3299 822 3362 pag.
841 3300 880 3341 xe
903 3289 1055 3360 sequatur
1071 3280 1169 3343 index
1185 3299 1306 3362 eorum,
1334 3301 1414 3363 quae

230 3365 263 3425 in
286 3365 345 3426 hac
367 3363 506 3427 editione
530 3367 715 3446 corrigenda
736 3368 792 3428 uel
813 3365 960 3428 addenda
982 3386 1053 3429 esse
1076 3366 1259 3429 uideantur.

318 3451 504 3514 Scribebam
526 3451 725 3534 Argentorati
748 3453 815 3515 Kal.
841 3454 911 3515 lun.
929 3475 959 3516 a.
977 3471 1207 3515 unoocnxxxun.

1262 3576 1414 3585 ———-

301 3623 341 3684 m)
360 3622 437 3686 Raro,
458 3623 506 3674 ubi
525 3639 595 3690 opus
612 3639 673 3677 esse
692 3627 783 3676 uisum
803 3629 858 3685 est,
885 3624 1002 3676 conferri
1026 3625 1156 3676 iussimus
1175 3625 1277 3676 similes
1296 3626 1374 3678 locos
1392 3630 1416 3676 in

231 3689 434 3809 piliis⁷gpraeter
459 3695 646 3746 institutiones
671 3695 796 3757 Gaianas)
824 3695 871 3746 Gai
896 3694 973 3744 libris
999 3697 1134 3757 extantes,
1166 3694 1229 3745 uide
1252 3709 1276 3746 e.
1297 3710 1322 3760 g.
1350 3697 1374 3746 11
1393 3693 1416 3760 ἐξ

671 3953 979 3963 ..——-.-—-—-——-
