2908 4764
271 342 294 390 11
312 339 325 406 5
342 344 477 390 esa-asa
662 373 746 384 ....
792 339 832 402 95
875 373 962 385 ...-

271 529 409 591 actiones
433 547 515 608 quoe
539 529 608 590 iure
631 528 719 589 ciuili
741 525 851 589 heredi
875 536 905 589 et
921 527 954 588 in
970 526 1119 590 heredem
1136 535 1357 608 conpeterent,

273 610 331 697 (ei)
356 622 387 675 et
410 616 442 674 in
465 633 537 676 eum
561 613 713 676 darentur
728 615 778 676 cui
794 633 834 675 ex
849 612 1091 676 fideicommisso
1107 613 1254 676 restituta
1270 623 1359 676 esset

271 699 442 763 hereditas.
474 718 533 780 per
555 700 639 779 quod
662 700 971 762 senatusconsultum
994 698 1159 762 desierunt
1181 700 1255 760 illac
1279 717 1360 761 can-

271 787 373 848 tiones
404 788 436 847 in
465 804 526 848 usu
547 785 668 848 haberi.
701 784 714 869 11
736 795 864 866 praetor
885 785 969 846 enim
991 786 1087 847 utiles
1110 787 1247 846 actiones
1269 787 1299 846 ei
1322 795 1425 860 ctpgst

271 873 303 932 in
327 891 399 933 eum
423 871 479 952 qui
502 874 623 952 recepit
645 871 868 949 hereditatem,
904 873 994 951 quasi
1017 870 1126 933 heredi
1150 882 1181 933 et
1204 872 1237 932 in
1260 872 1389 933 here-t

185 961 245 1024 555
271 957 343 1020 dem
367 956 441 1020 dare
465 958 579 1038 coepit,
605 976 721 1037 eaeque
745 959 777 1018 in
801 956 900 1020 edicto
921 966 1154 1038 proponuntur.
1195 956 1259 1020 Sed
1282 977 1360 1020 rur-

271 1062 325 1106 sus
355 1044 429 1123 quia
458 1043 591 1106 heredes
618 1044 728 1124 scripti
760 1062 832 1104 cum
861 1052 916 1105 aut
946 1052 1042 1105 totam
1070 1042 1278 1108 hereditatem
1301 1053 1359 1104 aut

271 1148 375 1210 poene
397 1138 493 1190 totam
516 1129 704 1210 plerumque
728 1130 896 1191 restituere
920 1129 1127 1208 rogabantur,
1154 1127 1242 1190 adire
1265 1130 1360 1190 here-

272 1215 403 1278 ditatem
426 1214 467 1276 ob
489 1215 614 1276 nullum
636 1225 690 1278 aut
712 1214 878 1277 minimum
894 1215 1017 1278 luorum
1034 1215 1233 1294 recusabant,
1260 1223 1358 1296 atque

271 1301 311 1363 ob
334 1301 367 1362 id
390 1301 658 1380 extinguebantur
680 1300 939 1380 fideicommissa,
971 1308 1079 1382 posteo
1102 1302 1217 1381 Pegaso
1240 1310 1272 1363 et
1294 1302 1359 1362 Pu·
1376 1317 1402 1361 ro

272 1389 358 1450 sione
383 1383 587 1471 (consulibus)
611 1397 741 1449 senatus
763 1387 902 1466 censuit,
935 1395 972 1448 ut
994 1388 1023 1448 ei
1046 1388 1102 1466 qui
1124 1394 1252 1468 rogatus
1275 1397 1358 1450 esset

197 1503 200 1508 ·
273 1471 482 1536 hereditatem
506 1475 687 1554 restituere,
713 1472 847 1553 proinde
871 1473 980 1534 liceret
1004 1481 1148 1552 quartam
1164 1481 1289 1553 partem
1304 1492 1357 1534 re·

272 1561 387 1638 tinere,
413 1569 508 1639 atque
534 1579 551 1621 5
574 1560 643 1640 lege
659 1558 795 1621 Falcidia
818 1560 851 1620 in
868 1559 980 1640 legatis
995 1558 1134 1621 retinere
1156 1557 1354 1622 conceditur.

277 1643 327 1726 [ex
349 1647 485 1726 singulis
508 1664 635 1726 qnoque
658 1645 757 1716 rebus
777 1664 859 1725 quae
881 1664 940 1725 per
962 1643 1239 1706 fideicommissum
1256 1644 1358 1706 relin-

273 1740 406 1810 cuntur,
440 1731 550 1793 eadem
582 1731 717 1793 retentio
740 1733 892 1812 permissa
917 1729 988 1812 ost.)
1022 1749 1080 1810 per
1102 1731 1188 1810 quod
1210 1740 1359 1793 senatus·
1376 1744 1402 1790 ⁴5

273 1818 452 1880 consultum
475 1819 543 1898 ipse
567 1815 684 1901 1555551
708 1837 803 1879 55555
825 1815 1015 1880 hereditaria
1037 1816 1184 1879 sustinet,
1221 1817 1275 1878 ille
1299 1837 1357 1879 au-

273 1912 336 1964 tem
366 1905 421 1983 qui
449 1922 488 1964 ex
510 1902 751 1966 fideicommisso
774 1903 929 1983 reliquam
952 1912 1074 1984 partem
1097 1901 1283 1965 hereditatis
1307 1923 1358 1966 re·

274 1989 368 2068 cipit,
394 1990 539 2068 legatarii
562 1989 704 2070 partiarii
728 1990 794 2050 loco
817 1998 882 2068 est,
916 1988 950 2050 id
973 1998 1020 2050 est
1043 1990 1113 2052 eius
1136 1989 1281 2068 legatarii
1306 1990 1356 2051 oui

274 2093 347 2154 pars
369 2073 523 2136 bonorum
546 2075 684 2155 legatur;
712 2093 794 2155 quae
817 2076 941 2155 species
956 2075 1051 2156 legati
1067 2076 1195 2156 partitio
1210 2084 1352 2154 uocatur,

273 2162 348 2239 quia
371 2179 441 2221 curn
465 2160 581 2222 herede
604 2161 774 2241 legatarius
796 2162 933 2241 partitur
955 2160 1173 2224 hereditatem,
1205 2160 1293 2223 unde
1309 2161 1358 2222 ei·
1374 2175 1403 2220 ao

274 2247 389 2308 lectum
420 2256 484 2324 est,
515 2257 551 2308 ut
574 2265 656 2327 qnae
679 2247 780 2310 solent
803 2247 1022 2327 stipulationes
1045 2246 1130 2309 inter
1152 2246 1303 2309 heredem
1327 2259 1358 2309 et

273 2333 460 2412 partiarinm
475 2333 663 2414 legatarium
678 2333 847 2414 interponi,
868 2333 994 2396 eaedem
1010 2334 1255 2414 interponantur
1274 2334 1359 2395 inter

274 2439 346 2482 eum
369 2419 425 2500 qui
449 2439 489 2480 ex
511 2418 743 2482 fideicommissi
766 2437 858 2481 cansa
882 2421 995 2500 recipit
1007 2419 1226 2497 hereditatem,
1254 2429 1286 2482 et
1300 2421 1358 2481 he-

275 2505 400 2585 redem,
434 2505 466 2568 id
493 2515 541 2568 est
569 2515 604 2568 ut
627 2516 655 2568 ct
678 2507 801 2567 luorum
824 2513 856 2567 et
878 2503 1029 2568 damnum
1050 2504 1278 2567 hereditarium
1300 2525 1358 2587 pro

189 2595 251 2656 555
275 2601 340 2654 5555
363 2602 454 2673 parte
478 2593 561 2654 inter
583 2612 635 2655 eos
658 2610 823 2654 commune
839 2593 890 2653 sit.
933 2593 1016 2672 Ergo
1031 2590 1190 2670 siquidem
1205 2611 1270 2653 non
1284 2593 1357 2672 plus
1375 2605 1403 2650 aa

275 2697 368 2757 quam
398 2677 584 2740 dodrantem
611 2676 623 2762 11
650 2678 834 2741 hereditatis
864 2679 1001 2758 scriptus
1030 2678 1125 2740 heres
1158 2686 1287 2758 rogatus
1315 2679 1356 2739 sit
1365 2689 1448 2754 pgu,

274 2765 458 2843 restituere,
490 2774 558 2826 tum
592 2784 631 2825 ex
654 2763 845 2826 Trebelliano
876 2763 1148 2826 senatusconsulto
1179 2765 1359 2826 restituitur

277 2897 411 2914 ἊΑΝΛΛΛΛ.

275 3020 285 3067 l
321 2950 425 3068 tizattp³
436 2950 491 3069 55155
510 2972 542 2994 --
561 2953 625 3003 5555.
641 2955 665 3013 5,
681 2955 724 3013 55,
740 2956 754 3001 o
773 2951 784 3015 11
802 2951 877 3017 5555
896 2965 984 3016 usque
1001 2951 1034 3002 ad
1054 2955 1096 3012 ct,
1112 2955 1125 2999 5
1150 2951 1307 3002 Trebelliano
1324 2972 1356 2994 =

289 3033 340 3070 ns.
373 3055 378 3076 ,
430 3060 436 3082 ,
471 3059 477 3070 .

1175 3121 1358 3138 ΝΛΛΛνννκκκΛ

346 3193 355 3237 5
379 3191 499 3240 actiones
521 3191 549 3249 C,
570 3203 664 3241 omnes
681 3193 802 3243 actiones
815 3193 877 3246 last.
898 3193 909 3256 11
928 3196 942 3240 5
961 3193 986 3241 55
999 3192 1073 3250 last,
1094 3205 1144 3241 ora.
1161 3191 1180 3242 G
1198 3193 1208 3254 ΙΙ
1226 3194 1298 3243 55555
1312 3191 1355 3253 0¹¹,

276 3258 417 3322 5551555511
436 3262 449 3306 5
470 3272 518 3322 per
534 3258 578 3318 0¹1,
599 3263 661 3323 post
680 3260 741 3313 last.
762 3263 824 3323 (ooo
836 3264 940 3323 inepte),
960 3260 1027 3323 conf.
1051 3260 1082 3312 C*
1096 3274 1158 3324 pao.
1170 3265 1221 3315 255
1239 3265 1357 3311 555515

276 3332 300 3377 55
315 3339 378 3391 pao.
392 3332 443 3382 255
461 3341 532 3380 aero.
550 3332 581 3382 52
605 3328 617 3392 11
642 3332 656 3376 5
675 3342 777 3393 eaeque
799 3329 943 3390 Goesclea,
963 3343 1048 3394 acque
1069 3327 1114 3396 011
1139 3343 1233 3380 rursus
1254 3327 1282 3389 C,
1308 3341 1356 3379 orn.

278 3397 339 3446 inst.
361 3395 372 3459 11
389 3399 464 3448 9555
479 3395 506 3456 0,
521 3397 566 3448 uel
580 3399 641 3449 1555.
660 3397 671 3461 11
691 3402 786 3448 55-55
802 3402 896 3463 postea
909 3400 1008 3463 Pegaso
1020 3400 1047 3449 et
1059 3399 1174 3449 Pusione
1187 3396 1355 3460 consulibus]

276 3468 364 3528 potest
382 3466 406 3527 (P
425 3465 490 3528 coos.
507 3466 539 3518 G·
553 3479 616 3531 pap.
630 3471 681 3521 255
700 3472 724 3517 55
739 3481 800 3531 pao.
813 3472 865 3522 255
876 3481 945 3518 aere.
957 3469 1002 3528 551
1020 3480 1119 3532 pegaso
1139 3469 1164 3517 et
1181 3468 1296 3532 pusione
1311 3465 1355 3528 0¹¹,

276 3537 369 3597 postea
388 3535 546 3600 Vespasiani
564 3536 676 3601 Augusti
698 3536 866 3601 temporibus
892 3538 992 3600 Pegaso
1017 3539 1043 3586 ct
1062 3537 1178 3586 Pusione
1200 3534 1358 3586 oonsulibus

277 3603 339 3653 last.
360 3601 371 3665 11
391 3607 417 3652 55
441 3606 513 3654 55555
526 3605 600 3667 lost,
615 3608 655 3656 est
671 3605 698 3666 G,
714 3605 779 3668 coos.
796 3604 827 3656 0³
836 3619 899 3670 pop.
913 3611 965 3660 555
982 3601 992 3671 11
1011 3608 1040 3654 55
1054 3605 1169 3670 proinde
1184 3603 1228 3665 0¹¹,
1245 3603 1358 3670 perinde

278 3672 339 3721 inst.
364 3671 375 3734 11
400 3676 430 3720 55
450 3685 465 3722 5
486 3673 514 3732 C,
538 3674 796 3737 555155511550,
823 3688 855 3724 cx
874 3675 935 3724 lost.
955 3671 1098 3740 1155555555
1118 3675 1179 3724 lost.
1206 3676 1249 3736 155
1271 3686 1358 3724 emea-

277 3741 418 3800 5555555551,
440 3743 589 3793 retinendis
605 3743 631 3802 G,
653 3745 720 3805 qaod
736 3744 890 3794 uocabulum
908 3757 942 3793 eor
958 3744 1110 3807 glossemate
1128 3747 1218 3792 notam
1231 3755 1286 3793 essa
1297 3755 1358 3792 555-

274 3811 381 3870 5555555
399 3811 540 3860 Monaesen
558 3811 569 3874 11
595 3815 624 3861 55
644 3825 694 3876 per
714 3811 757 3872 0¹¹,
782 3817 844 3877 post
862 3813 936 3872 1555,
957 3812 1023 3874 eoas.
1047 3810 1079 3862 0⁸
1093 3825 1156 3876 pap.
1171 3816 1222 3866 255
1240 3823 1309 3862 cers.
1324 3815 1357 3860 55

277 3883 301 3928 55
316 3891 379 3941 pop.
393 3882 443 3932 255
456 3892 526 3928 cers.
542 3885 574 3933 52
592 3879 603 3942 11
623 3884 653 3930 55
673 3881 752 3932 heres
766 3882 840 3942 laet,
854 3894 903 3931 cm.
922 3881 941 3932 G
954 3881 1030 3944 (coos.
1049 3881 1081 3933 Gi
1089 3893 1150 3946 pop.
1162 3883 1213 3932 275
1225 3893 1295 3932 uero.
1307 3879 1336 3938 51
1349 3877 1360 3943 11

280 3951 309 3995 ti
329 3947 481 4010 relinquam
500 3951 604 4010 partem
623 3948 780 4001 hereditatis
797 3951 893 4015 recipit
907 3948 949 4011 0¹1,
969 3951 1072 4015 recepit
1082 3953 1188 4014 partem
1201 3948 1358 4000 hereditatis

279 4017 342 4066 lost.
362 4015 373 4079 11
392 4019 424 4064 55
443 4015 555 4066 eaedem
569 4017 643 4078 lost,
663 4018 757 4068 eadem
774 4018 793 4069 C
811 4019 821 4082 11
841 4022 871 4067 55
891 4017 1094 4070 fideicommissi
1113 4031 1195 4069 causa
1216 4017 1259 4077 0¹¹,
1279 4015 1359 4066 fidei·

278 4087 424 4136 commisso
444 4085 506 4136 last.
529 4085 539 4148 ΙΙ
564 4087 659 4150 recipit
678 4086 814 4149 Goesoleo,
842 4089 927 4152 recipi
948 4086 967 4138 G
989 4087 1000 4150 11
1024 4089 1055 4136 55
1079 4091 1110 4138 55
1127 4091 1154 4138 55
1172 4088 1245 4149 last,
1269 4088 1358 4136 55555

282 4153 344 4217 0511
363 4157 395 4204 55
414 4166 494 4218 quarn
509 4155 582 4214 lact,
603 4168 674 4219 quan
691 4155 717 4218 G,
736 4156 801 4219 5551.
820 4156 851 4208 0⁸
866 4161 995 4220 popm
1012 4155 1023 4220 11
1043 4159 1073 4205 55
1093 4160 1151 4207 tum
1166 4155 1194 4215 C,
1214 4159 1279 4207 tunc
1292 4155 1355 4204 lost.
