2908 4764
276 375 447 441 ιιιιι-ιι
673 410 759 422 .-
803 375 844 440 48
889 410 972 422 .-

278 562 1365 735 -----)-1-ψ-«------ἰιιειι()ιιειθάιιοθιι-

281 735 340 798 dae
364 733 1363 820 -—--i-————-—----—-—

201 825 255 883 u·
484 818 1043 906 l--—-————-—-ocd
1062 824 1208 904 mancipii
1221 833 1294 886 suot
1309 831 1365 886 ont

277 926 337 970 nec
358 909 519 988 mancipii.
549 905 554 993 Ι
579 911 726 990 Mancipii
753 918 1392 972 suntme

489 1077 492 1166 1
518 991 602 1078 {item
628 995 723 1058 aedes
752 997 785 1056 in
806 996 913 1058 Italico
936 996 1363 1057 solo-—————

277 1289 347 1299 --
362 1163 533 1337 seruiitdttcs
555 1251 760 1333 praediorum
781 1253 978 1316 urbanorum
999 1272 1058 1315 nec
1080 1254 1235 1333 mancipii
1254 1261 1337 1315 sunt.
1358 1251 1361 1338 Ι

217 1337 255 1398 ⁴5
279 1341 357 1402 Item
379 1339 588 1420 stipendiaria
609 1337 740 1418 praedia
762 1349 793 1400 et
816 1339 985 1403 tributaria
1005 1357 1064 1402 nec
1079 1339 1229 1419 mancipii
1249 1337 1254 1420 Ι
1274 1348 1361 1402 suut.
1380 1354 1407 1398 ro

278 1426 336 1488 sed
351 1425 437 1505 quod
452 1423 1269 1507 diximus———ffl—-imancipci
1292 1445 1363 1487 csse

867 1594 985 1681 [istacim
1004 1608 1040 1659 ut
1055 1605 1129 1660 nata
1150 1605 1225 1658 sunt
1240 1599 1444 1673 manci-papst

278 1685 324 1765 pii
347 1703 417 1746 esse
439 1691 566 1765 putant;
592 1687 697 1746 Nerua
719 1703 797 1746 uero
819 1692 851 1744 et
874 1685 1025 1746 Proculus
1048 1692 1079 1745 et
1101 1683 1199 1744 ceteri
1215 1682 1362 1745 diuersae
1442 1737 1444 1758 2

278 1770 400 1832 scholae
423 1779 567 1832 auctores
589 1789 652 1831 non
674 1771 766 1832 aliter
788 1790 826 1834 ea
847 1771 997 1851 mancipii
1019 1789 1088 1832 esse
1111 1777 1236 1849 putant,
1267 1788 1363 1849 quam
1380 1783 1408 1830 ⁴5
1443 1823 1444 1838 ff

279 1857 306 1918 si
330 1857 448 1919 domita
469 1865 562 1930 sunt;
588 1865 620 1918 et
642 1857 670 1918 si
692 1865 823 1937 propter
843 1857 974 1918 nimiam
992 1854 1148 1918 feritatem
1164 1853 1285 1916 domari
1301 1875 1363 1916 non
1442 1859 1444 1912 ζ

279 1951 423 2023 possunt,
450 1951 529 2003 tunc
550 1942 655 2004 uideri
678 1943 829 2023 mancipii
851 1961 921 2004 esse
944 1943 1104 2022 incipere,
1135 1960 1208 2002 cum
1230 1940 1272 2006 ad
1295 1961 1364 2004 eam

218 2025 256 2083 io
280 2036 416 2089 aetatem
437 2028 656 2107 peruenerint,
683 2047 747 2107 quo
770 2029 891 2092 domari
907 2029 1018 2090 solent.
1049 2030 1124 2090 Item
1139 2026 1225 2089 ierac
1240 2027 1363 2090 bestiae

279 2132 339 2174 nec
360 2113 509 2194 mancipii
533 2122 608 2175 sunt
630 2115 722 2176 uelut
737 2115 815 2192 ursi,
834 2115 951 2193 leones,
971 2115 1048 2175 item
1063 2133 1100 2176 ea
1116 2113 1266 2176 animalia
1282 2133 1363 2198 quae

279 2199 345 2260 fere
368 2198 540 2261 bestiarum
562 2219 694 2262 numero
717 2210 803 2281 sunt,
829 2201 933 2262 ueluti
955 2199 1115 2282 elephanti
1130 2208 1162 2261 et
1176 2200 1306 2275 cameli;
1333 2209 1365 2262 et
1382 2215 1408 2262 so

279 2285 350 2347 ideo
374 2283 414 2347 ad
437 2305 504 2347 rem
526 2305 588 2347 non
611 2287 760 2367 pertinet,
787 2287 874 2368 quod
896 2287 974 2349 haec
996 2286 1146 2349 animalia
1168 2287 1264 2348 etiam
1284 2286 1364 2350 collo

280 2372 415 2435 dorsone
438 2371 560 2435 domari
582 2374 693 2447 solent;
724 2392 797 2436 nam
819 2391 985 2434 nonomen
1008 2371 1139 2453 quidem
1161 2391 1273 2434 eorum
1295 2373 1366 2436 ani-

279 2459 411 2521 malium
433 2459 487 2520 illo
509 2468 650 2540 ternpore
674 2455 806 2544 (comm)
823 2458 895 2538 ruit,
919 2478 982 2539 quo
998 2457 1251 2520 constituebatur
1267 2477 1365 2539 quas-

217 2537 256 2598 17
280 2544 353 2608 dam
376 2564 428 2606 res
450 2547 601 2626 mancipii
623 2565 693 2608 esse
723 2545 878 2626 quasdam
906 2564 961 2607 nec
989 2545 1150 2626 mancipii.
1196 2545 1277 2606 item
1299 2545 1364 2608 fere

280 2632 385 2693 omnia
406 2651 489 2712 quae
512 2633 720 2712 incorporalia
742 2641 827 2712 sunt,
857 2650 917 2693 nec
938 2631 1089 2712 mancipii
1111 2639 1197 2711 sunt,
1223 2633 1364 2712 exceptis
1382 2646 1409 2692 ιι

280 2719 492 2780 seruitutibus
514 2719 718 2799 praediorum
732 2719 943 2795 rusticorum3
969 2737 1042 2780 nam
1058 2737 1112 2780 eas
1127 2718 1279 2797 mancipii
1295 2737 1364 2780 esse

280 2812 412 2882 constat,
438 2807 586 2884 quamuis
609 2805 673 2865 sint
695 2823 736 2866 ex
757 2823 890 2866 numero
914 2823 1023 2865 rerum
1045 2804 1304 2883 incorporalium.

281 3030 307 3076 et
324 3025 460 3076 luminum
478 3026 721 3076 immittendorum.
753 3027 929 3078 praediorum
947 3028 1113 3078 rusticorum
1131 3029 1190 3080 iura
1209 3030 1274 3079 sunt
1291 3027 1366 3078 uelut

280 3096 338 3156 uia,
358 3096 419 3157 iter,
439 3097 524 3156 actus,
546 3095 610 3144 item
633 3097 741 3159 pecoris
759 3096 793 3146 ad
811 3110 911 3160 aquam
935 3097 1079 3162 adpulsus,
1105 3099 1167 3147 item
1187 3097 1238 3147 ius
1264 3110 1365 3158 aquae

281 3162 452 3214 ducendae.
482 3163 552 3213 haec
569 3165 630 3214 iura
648 3165 728 3227 (conf.
741 3165 801 3228 Diu.
818 3171 842 3226 t,
857 3170 883 3224 8,
899 3171 923 3225 t,
939 3172 952 3215 4
972 3171 997 3216 ct
1009 3167 1072 3217 lost.
1086 3171 1112 3225 2,
1125 3171 1152 3225 2,
1165 3167 1194 3227 5)
1212 3171 1269 3216 tam
1282 3168 1366 3216 rusti-

281 3246 376 3284 corum
394 3245 475 3296 quam
492 3231 659 3282 urbanorum
674 3234 851 3298 praediorum
862 3236 1018 3286 seruitutes
1029 3239 1176 3285 uocantur.
1212 3233 1233 3300 (ᾗ
1246 3235 1300 3298 ⁴4⁸]
1321 3236 1367 3286 Est

282 3305 360 3352 aotam
377 3301 430 3352 alia
447 3314 541 3351 rerum
559 3302 673 3352 diuisio:
695 3316 758 3352 nam
776 3305 823 3353 aut
840 3305 971 3368 mancipii
989 3309 1053 3353 sunt
1069 3307 1117 3354 out
1134 3317 1192 3354 nec
1204 3304 1365 3366 mancipii.

281 3370 434 3432 Mancipii
451 3373 517 3422 sunt
534 3371 610 3422 uelut
629 3370 730 3422 fundus
748 3372 776 3422 in
794 3371 887 3422 Italico
906 3373 972 3435 solo,
993 3373 1072 3424 item
1089 3371 1183 3424 cedes
1200 3373 1235 3423 in
1252 3373 1365 3426 Italico

282 3440 364 3498 solo,
388 3441 454 3489 item
472 3441 546 3490 serui
564 3445 590 3490 et
608 3453 640 3492 ea
658 3441 785 3491 animalia
809 3455 880 3505 quac
903 3443 973 3493 collo
998 3442 1116 3492 dorsone
1138 3442 1242 3492 domari
1266 3441 1363 3502 soient,

281 3509 359 3559 uelut
375 3508 461 3560 boues
479 3510 541 3574 eqni
560 3510 626 3559 muli
645 3511 727 3573 esini;
748 3513 813 3560 item
832 3512 977 3562 seruitutes
994 3511 1169 3576 praediorum
1187 3512 1364 3562 rusticorum.

282 3591 345 3627 nam
363 3579 510 3629 seruitutes
527 3579 730 3640 praediorum
747 3579 942 3632 urbanorum
959 3593 1019 3631 nec
1036 3579 1186 3640 mancipii
1203 3583 1277 3633 sunt.

352 3650 451 3696 rr-ta
466 3649 575 3698 lacunas
586 3650 621 3698 od
632 3662 737 3698 sensnm
748 3651 785 3698 ita
797 3648 852 3711 scre
863 3651 999 3712 suppleas.-
1018 3648 1075 3701 sed
1086 3649 1171 3709 quod
1183 3649 1322 3700 diximus
1334 3661 1366 3698 ea

282 3715 411 3765 animalia
428 3729 494 3778 quae
513 3717 618 3767 domari
637 3717 738 3780 solent,
758 3719 906 3780 mancipii
923 3731 1006 3778 esse,
1026 3718 1161 3780 quomodo
1180 3719 1258 3781 (coos.
1279 3724 1367 3768 tameo

284 3784 325 3846 0³)
344 3784 557 3848 intellegendum
575 3787 619 3848 sit,
640 3788 786 3850 quaeritur,
811 3789 947 3851 quianon
966 3789 1057 3837 statim
1075 3790 1107 3837 ut
1123 3790 1186 3837 nata
1211 3790 1287 3849 sunt,
1314 3787 1366 3836 do-

282 3857 401 3905 mantur.
439 3857 465 3902 et
483 3857 591 3905 nostrae
610 3855 722 3919 quidem
739 3855 847 3906 scholae
871 3859 997 3906 auctores
1015 3857 1124 3908 statim
1141 3859 1178 3908 ut
1195 3859 1272 3908 nata
1289 3857 1366 3906 sunt

282 3925 335 3975 etc.
355 3923 366 3985 ))
385 3923 416 3970 u
429 3925 526 3987 putant
541 3923 678 3983 Goesetm,
692 3927 825 3988 putantur
839 3924 874 3975 01¹
888 3925 966 3986 (coos.
983 3925 1016 3976 (3Ε
1030 3939 1093 3989 paq.
1106 3927 1168 3986 506)
1183 3925 1193 3988 ))
1207 3929 1238 3974 to
1251 3926 1367 3975 nimiam
1436 3957 1437 3960 =

287 3993 426 4053 Gocsctca,
441 3991 591 4041 minimiam
608 3992 628 4044 C
645 3993 656 4056 ))
675 3997 706 4041 48
720 3994 783 4056 qua]
799 3995 861 4058 quia
877 3993 905 4052 G,
925 3993 992 4056 coos.
1009 3993 1041 4044 0α
1050 4007 1112 4058 pay.
1127 3999 1177 4048 289
1190 3995 1238 4056 inf.
1258 3994 1270 4057 1)
1289 3993 1364 4056 item]

284 4061 351 4124 cons.
375 4060 417 4114 0³⁸
435 4059 446 4124 Ι)
465 4063 496 4109 2⁰
516 4059 571 4110 iere
593 4060 619 4122 0,
641 4061 759 4112 terarum
780 4063 910 4114 Gocsctco
934 4062 945 4126 Ι)
970 4065 1002 4111 22
1022 4062 1183 4126 nonomen]
1204 4063 1272 4126 conf.
1296 4063 1341 4114 0¹¹⁸
1359 4057 1368 4128 Ι)
1435 4101 1437 4122 4

284 4134 315 4179 ιε
329 4133 423 4180 notum
442 4143 477 4179 eoo
488 4132 636 4181 coniectura
654 4132 770 4181 additum
787 4131 798 4194 1)
817 4133 848 4180 st
867 4145 918 4182 nec
936 4131 1074 4197 mancipii]
1094 4145 1149 4182 non
1162 4132 1239 4195 (coos.
1256 4132 1288 4184 θ’
1302 4145 1367 4196 pop.
1434 4145 1436 4226 p

282 4204 333 4252 280
346 4199 406 4262 ios.)
426 4200 558 4265 mancipis
578 4199 607 4250 0.
1434 4229 1436 4320 p
