2908 4764
459 366 544 376 ...
589 332 630 394 59
675 367 759 378 .....
926 333 1150 399 414444-44

76 519 145 580 meis
178 538 298 582 nauem
326 529 382 582 aut
411 521 582 584 armarium
620 531 674 586 aut
702 521 892 585 subsellium
922 521 1146 596 fabricaueris3

76 602 141 666 item
164 606 194 667 si
217 625 259 667 ex
281 606 353 668 lana
374 625 444 669 mea
466 609 693 670 uestimentum
718 608 846 688 leceris,
876 609 930 670 uol
961 608 988 669 si
1012 627 1053 670 ex
1074 608 1151 670 uino

17 715 25 760 ¹.
77 701 103 750 et
122 691 216 752 melle
240 711 309 754 meo
332 693 470 755 mulsum
494 692 626 772 leceris,
652 693 722 756 siue
745 713 786 756 ex
810 693 1048 756 medicamentis
1071 695 1151 756 meis

17 847 18 854 ,
77 777 274 857 emplastrum
296 779 350 840 uel
373 779 536 860 collyrium
560 779 693 858 feceris,
727 777 904 863 (4444444444
932 787 1038 842 utrum
1068 788 1152 842 tuum

17 885 18 946 ]
78 863 112 923 sit
130 863 160 924 id
182 863 264 946 qood
284 882 327 926 eoo
348 883 411 926 meo
434 863 599 948 effecum>
622 884 663 926 an
686 885 803 928 meum.
843 864 973 946 quidam
989 866 1186 928 materiams

17 1009 18 1016 ,
77 957 104 1009 44
122 949 331 1012 substantiam
362 950 567 1030 spectandam
599 971 670 1014 esse
699 962 830 1032 putant,
861 951 894 1014 id
921 961 969 1013 est
997 961 1032 1014 ut
1061 954 1153 1014 cuius

17 1065 18 1070 1
78 1036 198 1097 materia
221 1035 280 1114 sit,
311 1035 398 1098 illius
420 1045 524 1099 atres
547 1056 629 1118 quae
652 1039 733 1100 lacta
755 1038 797 1100 sit
813 1037 968 1116 uideatur
990 1056 1076 1117 esse,
1101 1037 1153 1098 id-

79 1137 130 1199 que
150 1122 290 1184 maxime
312 1122 432 1202 placuit
454 1122 570 1186 Sabino
600 1133 632 1186 et
654 1123 773 1186 Cassio.
813 1125 868 1187 alii
892 1142 968 1186 uero
997 1125 1063 1185 44444
1090 1141 1153 1186 rem

17 1223 18 1290 ξ
80 1223 139 1268 esse
168 1216 284 1288 putant
311 1208 367 1288 qui
395 1208 524 1289 lecerit,
559 1209 657 1290 idque
686 1211 824 1273 maxime
852 1209 999 1272 diuersae
1028 1210 1185 1272 scholaeo
1254 1215 1265 1232 “

17 1293 18 1372 1
79 1292 252 1355 auctoribus
273 1293 379 1356 uisum
401 1304 465 1372 est;
492 1292 504 1378 11
527 1294 584 1358 sed
606 1315 679 1358 eum
702 1315 829 1378 quoque
852 1297 943 1360 cuius
966 1296 1097 1358 materia
1120 1303 1252 1369 etpague

17 1381 18 1400 ³
81 1376 250 1441 substantia
283 1378 394 1460 fucrit,
436 1380 512 1443 furti
552 1381 710 1444 aduersus
744 1401 816 1444 eum
851 1383 907 1464 qui
940 1381 1148 1462 subripuerit,

17 1489 18 1494 ¹
80 1463 186 1528 babere
208 1465 378 1544 actionem;
409 1485 469 1528 nec
499 1468 607 1530 minus
630 1467 787 1542 aduersus
816 1469 952 1532 eundem
980 1466 1152 1530 condictio-

17 1545 19 1562 *
81 1567 143 1612 uem
166 1552 196 1614 ei
219 1560 402 1633 conpetere,
437 1553 515 1633 quio
537 1555 696 1616 extinctae
718 1573 786 1632 res,
814 1555 889 1617 licet
911 1552 1068 1617 uindicari
1090 1572 1153 1614 non

81 1638 208 1718 possint,
239 1636 363 1700 condici
385 1647 491 1701 tamen
515 1639 641 1702 furibus
663 1650 696 1702 et
717 1641 909 1720 quibusdam
932 1640 1003 1701 aliis
1025 1657 1153 1720 posses·

80 1723 195 1786 soribus
218 1733 362 1804 possunt.
1170 1735 1201 1782 ⁴⁵

35 1805 64 1868 44
154 1809 279 1872 Accidit
301 1809 483 1891 aliquando,
508 1812 622 1891 utqui
645 1809 791 1873 dominus
814 1812 866 1888 sit,
891 1810 1081 1874 alienandae
1104 1811 1151 1874 rei
1160 1822 1254 1884 papst

81 1903 258 1973 potestatem
280 1915 342 1959 non
365 1896 490 1977 babeat,
515 1907 548 1960 ct
570 1896 625 1978 qui
648 1895 796 1960 dominus
818 1916 882 1959 non
904 1898 956 1977 sit,
979 1894 992 1980 11
1013 1897 1254 1970 alienarepapee

35 1978 62 2037 43
81 1982 178 2058 possit.
226 2000 299 2044 nam
329 1981 433 2046 dotale
454 1982 623 2062 praedium
652 1985 784 2046 maritus
814 1984 916 2046 inuita
939 1983 1073 2046 muliere
1094 2003 1153 2064 per

83 2065 172 2146 legem
195 2068 306 2130 Iuliam
329 2068 514 2148 prohibetur
535 2070 694 2150 alienare,
728 2069 875 2150 quamuis
904 2071 1008 2151 ipsius
1035 2071 1152 2133 situel

28 2203 31 2214 .
83 2154 283 2234 mancipatum
313 2155 343 2216 ei
365 2153 448 2217 dotis
476 2174 570 2219 causa
598 2156 650 2217 uel
682 2156 715 2217 in
745 2157 813 2218 iure
842 2174 967 2218 cessum
993 2156 1044 2218 uel
1075 2175 1153 2218 usu-
1171 2167 1202 2212 ao

82 2248 209 2319 captum.
250 2239 335 2320 quod
358 2240 488 2320 quidem
511 2243 562 2304 ius
583 2252 690 2304 utrum
706 2241 747 2304 ad
762 2243 869 2304 Italica
884 2250 1008 2304 tantum
1025 2242 1154 2323 praedia

37 2319 64 2380 ll
83 2341 117 2384 an
137 2328 228 2390 etium
252 2325 293 2389 ad
315 2327 522 2406 prouincialia
544 2328 713 2410 pertineat,
738 2327 915 2391 dubitatur.
944 2329 1003 2390 ,Ex
1026 2327 1152 2392 diuerso

84 2421 204 2489 agnatus
226 2411 340 2474 luriosi
362 2423 491 2476 curator
510 2433 578 2476 rem
601 2410 723 2500 luriolsi
746 2415 884 2476 alienare
907 2423 1011 2495 potest
1026 2433 1067 2475 ex
1082 2414 1152 2493 lege

83 2493 122 2556 ᾖ
139 2498 333 2577 tabularum
360 2500 435 2561 item
458 2509 642 2580 procurator
662 2496 712 2585 -1

86 2591 138 2659 est3
162 2585 235 2646 item
259 2584 398 2647 creditor
412 2585 531 2668 pignus
547 2605 588 2648 ex
605 2583 608 2670 1
625 2586 780 2666 pactione,
799 2586 947 2666 quamuis
963 2584 1033 2646 eius
1048 2603 1085 2645 oa
1101 2603 1153 2646 res
1171 2594 1203 2641 94

18 2697 20 2796 1
86 2670 206 2732 nonsit.
248 2671 306 2733 sed
328 2672 387 2733 hoc
409 2672 541 2735 forsitan
563 2671 635 2734 ideo
658 2672 806 2734 uideatur
828 2671 908 2750 fieri,
935 2669 1021 2751 quod
1039 2670 1153 2732 uolun-

86 2761 139 2816 tate
160 2754 312 2820 debitoris
335 2757 531 2839 intellegitur
552 2761 670 2840 pignus
692 2759 839 2836 alienari,
865 2757 922 2838 qui
944 2757 1019 2818 olim
1041 2765 1153 2837 pactus

144 2974 197 3041 §¹1⁹
216 2978 280 3030 inde
298 2978 333 3030 ab
352 2983 383 3030 444
403 2983 533 3032 collactea
550 3001 583 3024 =
601 2981 667 3032 lust.
682 2985 708 3044 a,
723 2985 748 3042 4,
762 2985 795 3030 49
814 2979 902 3046 11169
921 2978 976 3032 4444
995 2999 1027 3024 =
1045 2980 1111 3032 inst.
1127 2983 1151 3040 4,

88 3044 1155 3168 141111168111111,ἿάωώῆῃειῌρῇΜΒΗΜΕΜΜ

159 3136 189 3158 =
220 3130 273 3169 ns.
305 3157 313 3181 ,
344 3154 351 3178 ‚
385 3155 392 3170 .
1076 3151 1078 3156 ,

957 3235 1155 3252 wmmwvvs

145 3322 206 3372 t-s
225 3319 253 3389 11
270 3324 369 3374 addidit
381 3325 532 3375 4444444444
549 3323 561 3388 11
579 3327 593 3374 6
611 3324 787 3389 spectandam
807 3337 841 3375 44
859 3323 1040 3390 spectandum
1052 3337 1156 3374 correc-

89 3389 132 3436 tom
145 3388 172 3440 0¹
189 3390 201 3455 1
219 3395 246 3440 44
265 3390 346 3442 444444
361 3392 499 3456 decaetero,
514 3392 565 3444 fuit
579 3392 607 3452 C,
626 3393 693 3456 4441.
711 3393 744 3446 0²
758 3407 822 3457 pop.
836 3396 886 3446 449
899 3407 968 3445 uero.
984 3397 1000 3443 8
1018 3391 1030 3456 ΙΙ
1047 3396 1078 3441 44
1092 3393 1156 3457 quia

91 3454 212 3522 (44444444,
226 3461 274 3524 qui
289 3460 400 3524 4344441.
417 3461 449 3514 C·
458 3475 522 3527 pop.
536 3461 756 3525 4941444444444
770 3463 844 3523 lost,
859 3463 975 3513 extincte
990 3460 1032 3525 011
1046 3463 1076 3512 44
1090 3473 1155 3526 pos-

89 3525 132 3574 sint
142 3527 212 3588 44444,
231 3530 319 3594 possit
334 3529 354 3582 0
370 3531 381 3593 1
400 3529 506 3582 iuribus
518 3534 546 3582 et
560 3529 606 3591 Gn,
626 3544 642 3582 a
660 3529 767 3582 iuribus
779 3534 806 3582 et
818 3544 833 3582 a
847 3531 910 3582 1444.
930 3530 942 3594 11
960 3533 992 3580 44
1011 3530 1077 3594 coos.
1090 3543 1156 3592 44444

88 3595 367 3662 *44444144441444
380 3601 449 3663 (joop.
460 3603 502 3662 449,
514 3602 545 3649 44
556 3601 633 3650 botos
645 3601 771 3661 editionis)
784 3601 816 3650 44
824 3600 1055 3664 poroprcptomm
1067 3601 1157 3650 4444444

89 3662 139 3714 luc
154 3667 277 3718 44444444
288 3671 350 3718 suot
366 3667 378 3731 Ι
396 3671 428 3718 44
447 3671 474 3718 44
489 3668 517 3730 0,
537 3671 566 3718 44
576 3671 672 3720 contra
685 3669 749 3720 lost.
768 3669 780 3732 11
799 3672 830 3718 49
843 3668 963 3719 alienere
975 3681 1010 3718 44
1021 3668 1156 3719 alienares

89 3730 313 3801 444444444401144
327 3737 725 3801 444444444444414441.4444.2,
739 3743 762 3800 4,
774 3742 808 3790 44
819 3741 844 3789 44
851 3737 912 3801 Dia.
924 3742 940 3787 4
951 3743 974 3797 4,
987 3742 1041 3800 4,9,
1053 3738 1091 3798 4),
1104 3750 1156 3786 aon

89 3799 117 3848 94
125 3801 218 3864 butor,
233 3806 268 3854 od
280 3817 344 3866 poor
355 3819 388 3856 44
399 3807 559 3868 reliquorum
571 3808 674 3868 44444444
684 3808 812 3858 editorum
823 3807 1002 3868 supplemento
1014 3808 1154 3869 4444444444,

89 3865 190 3932 4441444
205 3875 281 3924 modo
298 3875 415 3936 suppleri
428 3887 505 3937 posse
523 3878 647 3938 opinatus·
658 3877 792 3940 Krocper:
810 3876 888 3927 item
898 3878 1086 3938 procurator
1099 3887 1156 3925 rem

89 3934 208 4003 absentis,
237 3942 318 3994 ouius
344 3945 515 4007 negotiorum
544 3943 630 3996 libera
657 3945 857 3996 administratio
885 3945 910 3995 ei
932 3946 1064 4008 permissa
1091 3944 1153 4004 est;

90 4003 214 4062 4444444444
228 4011 370 4092 14444444.
383 4016 410 4073 s,
423 4017 451 4073 4,
467 4016 510 4070 os}
529 4014 576 4064 4444
592 4015 683 4064 modo:
701 4014 780 4066 item
796 4016 994 4076 4444444444,
1012 4016 1036 4064 aa·
1052 4012 1156 4090 quidm

90 4079 624 4214 meust,
635 4083 771 4218 4444,
781 4079 1076 4202 {restituunt}
1089 4079 1151 4198 tt.
