2908 4764
174 529 204 574 io

1169 619 1178 660 i

1159 668 1186 708 εἶ

1162 711 1438 725 v—-————=‘

173 812 205 857 n
608 757 1101 886 3444444444444444444

277 910 287 955 4
311 906 354 956 hic
372 919 470 958 uersus
487 905 563 958 nulio
582 905 664 958 modo
683 905 718 957 ab
736 884 901 987 δυῃθϊ
917 903 1074 970 incipiebat,
1096 918 1146 956 nee
1165 907 1251 970 magis
1270 905 1356 971 apud

276 1005 352 1042 enm
377 993 434 1043 eui
457 993 677 1057 mancipatus
701 994 756 1042 444
778 989 865 1042 uerba
887 993 917 1041 in
941 990 994 1040 hoe
1017 1003 1101 1042 uersu
1122 991 1252 1043 uidentur
1270 995 1357 1043 extare

275 1079 404 1142 potuisse.
444 1083 453 1128 4
481 1079 560 1129 tentia
583 1077 672 1128 littere
694 1079 742 1129 uix
759 1079 787 1137 τ
804 1076 863 1128 tuit.
901 1081 915 1126 4
941 1089 991 1140 pro
1012 1079 1072 1137 co
1091 1076 1187 1128 litteris
1210 1079 1357 1130 incertissi-

275 1165 328 1214 mis
346 1164 381 1215 de
399 1165 482 1217 unico
501 1166 549 1224 m
569 1177 623 1215 non
641 1163 753 1216 uidetur
770 1164 883 1228 cogitari
901 1175 982 1229 posse

344 1337 374 1386 in
392 1337 542 1402 posteriore
559 1337 674 1401 paginae
693 1340 725 1386 36
743 1338 819 1402 perte
837 1349 947 1396 eorum,
967 1348 1037 1400 queo
1059 1337 1086 1386 in
1104 1335 1163 1400 Dig.
1185 1339 1209 1399 4,
1232 1340 1256 1399 4,
1278 1339 1309 1386 48
1333 1338 1357 1386 44

276 1423 303 1472 in
322 1423 387 1473 inst.
409 1426 434 1485 4,
455 1426 498 1484 44,
519 1427 533 1471 ‘i
552 1423 651 1474 tradite
670 1425 748 1484 sunt,
774 1421 880 1474 nulium
898 1423 1045 1496 uestigium
1064 1423 1092 1472 in
1111 1422 1206 1474 codice
1224 1424 1347 1490 apperuit

344 1590 404 1643 pag.
419 1580 462 1640 ³8,
477 1581 491 1628 8
511 1592 546 1630 ne
564 1591 638 1630 nunc
656 1577 769 1642 quidem
787 1578 935 1642 quicquam
954 1577 1088 1642 dispicere
1106 1579 1183 1642 potui

343 1746 404 1798 pag.
419 1735 462 1797 46,
477 1737 509 1782 44
528 1735 555 1784 in
574 1732 628 1784 tine
650 1699 819 1814 [if-{U
832 1733 922 1798 potius
940 1745 1022 1797 quam
1040 1697 1209 1798 [leh
1224 1733 1251 1782 in
1265 1733 1358 1784 codiee

275 1817 385 1870 uidetur
408 1818 507 1880 inisse,
533 1832 699 1884 quamquem
723 1819 794 1869 duee
817 1817 930 1869 ultimae
954 1818 1090 1870 litterulae
1113 1832 1128 1868 4
1152 1831 1182 1869 τι
1210 1817 1358 1870 litterarum

212 1975 216 1984 Δ
276 1902 362 1955 torma
379 1905 454 1956 haud
472 1906 551 1970 longe
568 1905 700 1957 recedunt

344 2071 404 2124 pag.
420 2061 462 2121 46,
479 2063 509 2108 44
529 2060 637 2111 initium
655 2072 729 2110 nune
747 2059 800 2123 legi
819 2060 912 2123 nequit

344 2228 404 2279 pag.
421 2216 461 2276 44,
479 2217 505 2264 44
529 2216 555 2265 44
574 2217 614 2277 48,
631 2216 644 2260 4
665 2214 746 2264 lectio
764 2215 839 2265 certa
857 2218 898 2266 est

344 2381 404 2434 png.
418 2371 461 2431 ts,
477 2373 507 2420 43
527 2371 555 2420 in
573 2369 627 2421 fine
644 2335 1097 2452 ιΝΡυΒΕεεΙῖ·ΙΙΒ·τλε
1116 2371 1237 2422 extitisse
1249 2371 1309 2422 ueri
1320 2373 1360 2421 est

276 2455 447 2506 simillimum

344 2608 405 2660 nan.
420 2597 461 2658 44,
477 2599 509 2646 44
529 2596 558 2646 in
575 2593 628 2646 fine
646 2595 705 2660 lege
725 2552 945 2657 λωιΠέ-,ῖ

345 2763 407 2813 pag.
423 2751 464 2813 49,
480 2753 507 2798 44
530 2750 645 2815 septima
664 2751 754 2800 littera
772 2749 847 2800 nullo
866 2750 948 2802 modo
970 2755 998 2814 θ
1018 2749 1083 2814 init,
1110 2763 1142 2801 44
1161 2763 1195 2801 ne
1216 2751 1228 2809 1
1250 2749 1360 2814 quidem
1438 2735 1440 2782 5

276 2833 387 2886 uidetur
404 2833 486 2886 fuisse

345 2985 406 3038 pag.
421 2973 494 3035 44,4
517 2974 592 3023 certo
617 2975 724 3024 constat
748 2973 775 3022 in
799 2971 853 3024 fine
875 2976 937 3038 post
961 2988 991 3024 44
1017 2987 1167 3040 numquam
1195 2978 1208 3024 4
1228 2976 1360 3040 scriptum

276 3056 360 3109 tuisse

345 3209 406 3262 pag.
421 3199 464 3259 44,
478 3197 510 3244 43
530 3198 712 3247 extremarum
731 3197 884 3247 litterarum
902 3197 983 3248 lectio
1004 3200 1079 3248 certa
1096 3201 1138 3249 est

345 3383 406 3434 pag.
420 3372 462 3432 44,
479 3371 510 3418 44
528 3370 591 3435 post
610 3299 858 3433 mksculi
879 3370 999 3421 extitisse
1014 3365 1222 3432 Mitemc
1242 3374 1303 3423 ueri
1323 3373 1360 3423 esi

276 3454 461 3590 simillimum
489 3469 554 3507 sene
572 3458 678 3506 constat
695 3469 746 3522 pro
769 3450 945 3518 λυῐθα)
965 3470 1019 3507 non
1042 3458 1204 3540 ueRoc
1229 3459 1360 3524 seriptum

287 3543 360 3592 uisse

344 3692 404 3744 nae
420 3683 462 3742 44,
479 3684 509 3730 n
529 3681 591 3731 ane
611 3674 828 3742 s
851 3682 939 3745 potest
959 3660 1358 3762 uitenemturecn

277 3766 304 3814 in
323 3765 418 3816 codiee
436 3763 528 3828 fuisse,
549 3779 604 3817 non
621 3768 711 3830 potest
732 3746 1085 3848 ussessemuello

344 3934 405 3986 pag.
421 3923 461 3984 55,
478 3923 506 3970 44
529 3922 631 3972 exitum
650 3935 683 3972 ne
702 3933 775 3971 nune
794 3921 906 3986 quidem
924 3921 1014 3986 legere
1031 3924 1108 3987 potui

344 4088 404 4141 pag.
426 4078 468 4138 46,
490 4079 504 4125 8
523 4075 612 4126 littera
631 4074 726 4140 dubie,
754 4090 837 4140 quam
862 4075 927 4126 olim
947 4078 994 4132 ιῗ*
1014 4075 1097 4130 inisse
1122 4080 1243 4143 conieci,
1272 4081 1359 4147 potest

277 4164 358 4214 etiem
426 4159 509 4213 inisse
