2966 4758
254 333 289 382 tv
309 330 436 396 §ro-ss
637 368 723 380 -.-
768 335 828 398 173
871 369 958 380 ..-

255 518 379 583 scholae
409 531 556 585 auctores
585 530 700 602 putant
728 532 779 585 ter
807 543 881 585 eum
912 523 1069 606 mancipio
1104 523 1173 586 dari
1197 520 1336 604 debere,

254 605 332 684 quio
361 608 431 690 lege
461 611 504 672 im
532 606 713 671 tabularum
742 618 869 672 cautum
900 608 958 690 sit,
985 605 1042 694 (ce
1068 611 1160 673 aliter
1186 613 1271 691 filius
1304 613 1340 675 de

251 698 397 772 potestate
426 691 547 781 petris>
573 704 683 774 exeat,
722 715 819 776 quem
855 697 882 757 si
912 704 962 757 ter
978 695 1087 758 >inerit
1120 698 1336 778 mancipatum

255 775 389 843 Sabinus
412 791 445 844 et
459 784 587 848 Cassius
609 782 771 864 ceterique
794 791 919 844 nostroe
941 782 1067 844 scholae
1090 791 1236 846 auctores
1249 783 1341 847 suiti-

254 881 326 926 cere
356 887 453 932 unam
480 866 745 948 mancipationem
776 866 995 947 crediderunt,
1028 877 1060 930 et
1082 869 1152 932 ilias
1173 877 1239 932 tres
1262 871 1372 950 teges

254 951 297 1013 ῖιι
318 952 500 1019 tabularum
522 955 563 1018 ad
585 953 781 1017 uoluntarias
803 953 1055 1034 mancipationes
1077 955 1247 1036 pertinere.

189 1051 228 1110 80
341 1041 425 1104 Haec
446 1041 491 1104 ita
513 1041 553 1102 dc
575 1041 626 1102 his
649 1040 794 1120 personis
809 1059 892 1120 quae
908 1039 942 1101 in
957 1049 1113 1121 potestate
1130 1037 1243 1125 (suut),
1271 1041 1340 1104 siue

253 1143 294 1186 ex
309 1125 481 1211 contraictu
503 1127 572 1190 siue
588 1146 629 1188 ex
643 1127 797 1188 otoleficio
814 1145 923 1188 earum
1218 1175 1225 1190 .
1255 1127 1341 1208 quod

252 1229 330 1273 uero
353 1213 467 1277 adeas
491 1211 495 1297 1
519 1232 673 1294 personas
696 1211 834 1292 quaein
857 1231 954 1275 manu
969 1211 1170 1294 mancipioue
1185 1221 1270 1293 sunt,
1296 1214 1341 1277 ita

252 1295 303 1358 ius
326 1297 453 1380 dicitur,
480 1310 516 1362 ut
538 1319 611 1362 cum
633 1318 674 1360 ex
696 1307 855 1362 contractu
878 1317 987 1361 earum
1009 1308 1134 1379 agetur,
1161 1301 1224 1362 nisi
1245 1299 1286 1363 ab
1303 1320 1340 1362 eo
1360 1317 1389 1362 io

252 1383 344 1446 cuius
373 1386 436 1449 iuri
466 1386 629 1449 subiectae
659 1384 739 1464 sint,
773 1387 806 1446 in
834 1385 972 1447 solidum
995 1384 1223 1466 defendantur,
1257 1385 1342 1450 hone

252 1487 334 1548 quae
358 1491 467 1535 earum
490 1473 596 1535 futura
618 1471 730 1550 forent,
757 1471 784 1533 si
800 1473 868 1533 eius
884 1472 948 1534 iuri
961 1471 1122 1534 subiectae
1138 1491 1204 1532 non
1217 1481 1335 1550 essent,

251 1569 401 1621 ueneant.
436 1557 493 1621 sed
515 1579 588 1620 cum
610 1559 748 1619 rescissa
770 1559 879 1639 capitis
901 1557 1103 1620 deminutione
1126 1576 1194 1619 cum
1216 1559 1255 1620 iis
1277 1557 1340 1620 im·

250 1647 339 1728 perio
362 1647 537 1708 continenti
557 1644 670 1706 iudicio
687 1641 700 1724 11
716 1644 830 1724 agitor,
856 1645 1448 1758 Ἥρω
1474 1656 1483 1739 p

224 1739 227 1746 ¹
701 1729 712 1814 i
1277 1763 1339 1776 ...-
1359 1729 1389 1774 ie

249 1823 278 1869 iu
299 1819 318 1868 Ο
336 1820 385 1881 leui
402 1819 542 1879 nequeunt)

1143 1974 1261 1980 —
1273 1937 1322 1992 ῑῘῙ

249 2024 433 2087 tabularum

562 2111 589 2170 (7
607 2123 700 2158 uersus
717 2111 745 2158 ic
766 2107 851 2172 Gteqi
868 2110 1006 2170 nequeunt)
1332 2141 1335 2226 ,

185 2237 220 2296 81
248 2230 1312 2305 ffl——Quid
1328 2225 1339 2314 11
1358 2245 1392 2289 ao

249 2338 324 2399 ergo
340 2319 405 2380 est?
840 2315 980 2378 diximus
994 2351 1099 2360 --
1113 2335 1175 2378 non
1190 2317 1334 2398 permis-i
1347 2330 1447 2390 puseo

249 2424 320 2468 sum
350 2405 449 2466 fuerit
476 2404 505 2464 ei
535 2412 674 2465 mortuos
704 2401 849 2464 homines
872 2401 1009 2480 dedere,
1037 2411 1142 2464 tamen
1173 2401 1232 2463 etsi
1263 2403 1336 2482 quis

249 2511 322 2554 eum
345 2490 471 2554 dederit
493 2488 549 2570 qui
569 2489 633 2552 iate
656 2509 713 2552 suo
736 2490 803 2552 uita
825 2489 1007 2567 excesserit,
1041 2507 1142 2568 aeque
1165 2486 1333 2550 liberatur.

184 2583 225 2642 82
334 2577 424 2640 Nunc
453 2575 645 2639 admonendi
674 2572 784 2636 sumus
807 2593 900 2654 agere
923 2593 979 2636 nos
1003 2583 1058 2636 aut
1080 2581 1184 2636 nostro
1208 2575 1335 2636 nomine

249 2672 303 2726 aut
326 2665 445 2743 alieno,
479 2664 582 2724 ueluti
605 2659 796 2742 cognitoris,
822 2660 1056 2740 procuratorio,
1083 2658 1215 2738 tutorio,
1242 2679 1336 2724 cura·
1358 2677 1392 2723 ss

247 2780 504 2798 mmmmm
922 2778 1012 2794 »ΑΛΛΛΛ-

317 2833 329 2899 1
344 2839 375 2885 82
394 2834 466 2885 coni.
486 2835 550 2885 Inst.
568 2837 592 2896 i,
607 2838 639 2882 te
652 2847 693 2898 pr.

318 2991 383 3037 Η
402 2985 429 3054 11
447 2990 547 3038 addidit
561 2988 691 3038 Goeschec
708 2988 719 3051 11
738 2990 751 3035 i
770 2990 879 3038 nostrae
894 2986 1033 3046 Goescheu,
1049 2986 1149 3036 nostris
1164 2985 1184 3036 G
1200 2985 1211 3048 11
1230 2990 1244 3034 5
1264 2986 1333 3050 illes]

248 3056 322 3106 illam
343 3055 362 3106 G
378 3057 389 3118 11
409 3063 422 3106 7
442 3059 506 3107 sunt
523 3058 622 3106 eddidit
642 3057 781 3116 Goeschec,
802 3069 850 3106 om.
866 3054 892 3115 0,
913 3055 980 3118 conf.
1004 3053 1035 3104 0²
1050 3068 1112 3118 pap.
1124 3057 1173 3104 tot
1192 3068 1263 3105 uers.
1276 3059 1311 3110 25
1328 3052 1337 3123 11

248 3129 262 3173 8
279 3129 338 3186 post
356 3139 450 3175 earum
469 3125 577 3175 Bluhme
593 3127 621 3174 iu
642 3124 676 3176 cn
695 3126 822 3176 inomisia
840 3129 911 3176 esset
928 3125 970 3175 uel
987 3125 1083 3174 similia
1104 3123 1179 3187 (cous.
1203 3122 1242 3183 0²)
1265 3126 1334 3188 lepit,

247 3195 384 3254 inquibus
402 3193 519 3244 Huschke
537 3195 725 3244 controuersia
743 3197 815 3244 esset
836 3195 893 3258 (pro
911 3194 1097 3244 controuersia
1116 3193 1159 3254 sit)
1180 3194 1261 3243 tatere
1274 3207 1337 3243 cou-

246 3265 319 3322 teoit;
345 3267 532 3313 sententiarum
550 3265 660 3312 ceueuui
677 3263 790 3328 sufficiat
808 3277 829 3314 e.
841 3275 867 3327 9.
889 3265 985 3326 agatur
1007 3261 1019 3326 11
1043 3265 1072 3311 to
1093 3265 1188 3326 agatur
1206 3262 1333 3325 Huschke,

246 3334 372 3394 ageretur
386 3330 420 3382 ΟΕ
437 3333 452 3396 11
469 3336 499 3381 is
519 3333 577 3382 eius
590 3332 642 3381 iuri
657 3331 796 3395 Goescheo,
816 3347 849 3383 eo
861 3333 939 3383 iuret
955 3331 982 3394 G,
998 3331 1064 3394 cous.
1084 3331 1116 3382 θ’
1124 3344 1187 3394 ρας.
1201 3336 1252 3384 hei
1265 3331 1314 3394 tuf.
1328 3331 1337 3395 11

249 3403 278 3448 ts
303 3402 419 3452 rescissa
444 3402 540 3464 capitis
565 3401 745 3452 diminutione
770 3415 834 3452 cum
858 3403 892 3452 iis
916 3401 1042 3462 Huschke,
1067 3401 1269 3464 rescissipnpiis
1293 3402 1336 3450 uel

246 3471 328 3519 simite
346 3471 443 3533 aliquid
458 3469 512 3522 0¹¹?
530 3469 607 3533 (cous.
624 3469 664 3530 0²)
686 3470 697 3532 11
717 3473 747 3519 tt
763 3476 823 3534 post
841 3472 929 3534 agitur
941 3469 1059 3520 Huschke
1071 3471 1225 3520 senteutiam
1234 3470 1336 3531 proho-

247 3539 331 3587 tititer
348 3540 394 3590 hoc
411 3542 485 3590 modo
501 3542 618 3604 perficit:
642 3540 664 3589 si
683 3540 816 3590 aduersus
834 3553 895 3590 eam
914 3539 1050 3589 actionem
1068 3551 1123 3588 non
1142 3536 1333 3598 detondantur,

247 3607 330 3655 etiam
348 3621 411 3658 cum
430 3611 489 3673 ipsa
508 3609 630 3671 muliere,
651 3607 718 3658 dum
735 3610 763 3658 in
781 3622 864 3658 meru
881 3610 931 3670 est,
952 3609 994 3672 agi
1012 3609 1111 3673 potest,
1132 3607 1271 3671 quietum
1291 3611 1336 3658 tu·

247 3676 313 3725 toris
331 3680 480 3729 auotoritas
498 3679 654 3728 necessaria
672 3691 727 3728 non
746 3680 795 3728 est.
825 3678 955 3742 tuebatur
972 3679 1064 3727 wude
1080 3677 1333 3735 commessatione,

246 3746 274 3793 iu
291 3757 343 3806 ouo
360 3750 498 3798 tractando
515 3751 604 3797 utriuc
625 3748 657 3796 he
671 3750 798 3809 pauperie
817 3752 842 3798 et
856 3751 936 3808 postu
954 3749 1041 3796 actum
1057 3745 1137 3808 fuerit
1153 3757 1245 3806 eecce,
1266 3750 1335 3795 certo

246 3814 297 3862 dici
314 3818 400 3876 coquit
416 3815 427 3876 11
445 3819 546 3864 20-22
563 3821 622 3876 post
643 3815 726 3878 (quid)
748 3830 811 3880 ergo
833 3815 888 3876 test)
912 3812 964 3879 [ita
981 3815 1112 3878 suppleuit
1124 3812 1256 3878 Huschke]
1274 3813 1336 3864 icc

245 3883 308 3932 haec
324 3883 381 3946 sere
397 3886 521 3934 uidentur
538 3889 644 3934 ociore:
669 3886 751 3934 etiam
770 3887 810 3935 si*
829 3885 863 3934 de
881 3897 934 3946 qua
952 3897 982 3934 re
1001 3882 1097 3946 miodo)
1114 3883 1233 3932 diximus
1251 3883 1334 3946 qino)-

246 3951 311 4014 qiue)
328 3949 386 4018 [uei
409 3951 614 4017 q(uam)q(usm)]
636 3965 690 4002 non
714 3949 888 4020 permisIsum
906 3955 958 4003 etc.
983 3953 1026 4002 uel
1049 3953 1158 4014 similis,
1184 3965 1219 4001 ec
1242 3953 1333 4014 cautus

245 4022 364 4071 idoneam
386 4025 538 4072 senteutiam
561 4023 651 4071 eiicere
673 4022 777 4084 frustra
798 4024 898 4072 coneris
922 4022 933 4084 11
956 4025 988 4070 st
1013 4035 1092 4086 agere
1117 4021 1191 4082 lust,
1218 4033 1267 4084 age
1289 4017 1333 4084 011

246 4091 277 4136 25
296 4091 385 4142 alieno
408 4091 428 4143 G
449 4104 507 4141 curn
530 4092 614 4140 codiee
633 4091 654 4139 P
673 4092 877 4150 iustitutiourun,
903 4091 1007 4142 alieno:
1033 4090 1121 4140 alieno
1141 4090 1331 4140 iustitutionem

245 4159 342 4210 codices
360 4164 437 4212 ceteri
456 4160 573 4223 (BHW.)
