2908 4764
490 409 571 426 ᾧ..
619 381 677 444 121
724 417 810 426 .-
1007 383 1042 433 111
1061 381 1188 447 §st-sa

94 569 309 652 minutionem
336 568 508 648 liberetur,
542 580 648 632 tamen
677 571 711 631 in
741 589 814 632 eum
843 589 955 633 eamne
985 571 1075 634 utilis
1106 572 1187 634 actio

94 655 192 716 datur
223 656 361 717 rescissa
382 654 394 738 11
416 655 529 736 capitis
551 655 787 733 deminutione;
822 666 854 718 et
876 659 903 718 si
926 656 1083 720 aduersus
1107 659 1289 730 hanepgaso

93 741 254 802 actionem
285 760 348 802 non
371 741 601 821 defendantur,
636 762 719 824 quae
741 742 824 804 bona
846 762 956 805 eorum
978 743 1084 805 lutura
1107 743 1189 805 luis-

93 836 177 905 sent,
208 827 236 888 si
260 847 294 888 se
318 827 422 889 alieno
446 829 510 890 iuri
533 847 597 889 non
620 829 844 908 subiecissent,
870 829 1024 892 uniuersa
1046 829 1188 892 uendere

92 913 310 975 creditoribus
332 923 462 994 praetor
483 915 649 994 permittit.
1207 928 1220 972 s

33 1049 69 1108 85
184 1047 269 1136 litem
291 1052 321 1113 si
341 1051 514 1131 legitimam
537 1051 732 1114 hereditatem
754 1049 857 1130 heres,
886 1058 1050 1134 autequam
1071 1047 1188 1136 cerinat

92 1146 149 1200 aut
172 1155 232 1217 pro
256 1136 373 1199 herede
396 1147 495 1218 gerat,
523 1139 578 1199 alii
601 1137 633 1198 in
657 1137 724 1200 iure
748 1136 849 1216 cedat,
877 1137 972 1218 pleno
995 1137 1064 1198 iure
1081 1137 1116 1198 fit
1132 1138 1186 1200 ille

91 1225 200 1300 heres,
228 1222 280 1284 oui
302 1242 391 1284 cessa
414 1233 463 1285 est
485 1224 655 1302 hereditas,
678 1223 809 1304 proinde
831 1242 868 1285 ac
890 1225 920 1284 si
934 1225 1068 1304 ipseper
1083 1223 1186 1304 legem

92 1309 134 1372 ad
162 1307 373 1370 hereditatem
396 1319 574 1371 uocaretur,
619 1309 733 1390 quodsi
756 1318 965 1390 posteaquam
988 1309 1080 1371 heres
1104 1311 1187 1371 exti-

92 1397 179 1472 terit,
209 1395 350 1467 cesserit,
377 1394 482 1458 adhuc
504 1397 598 1458 heres
619 1405 725 1458 manet
741 1404 773 1456 et
787 1396 827 1458 oh
843 1395 875 1456 id
891 1394 1101 1458 creditoribus
1117 1397 1185 1476 ipse
1206 1408 1235 1453 to

92 1479 276 1557 tenebitur;
302 1481 359 1542 sed
382 1500 433 1542 res
456 1482 636 1562 corporales
658 1482 828 1544 transferet
850 1480 983 1562 proinde
1008 1501 1043 1543 ac
1067 1482 1094 1542 si
1117 1481 1186 1544 sin-

93 1567 189 1648 gulas
213 1567 247 1626 in
271 1565 339 1628 iure
362 1565 528 1646 cessisset,
562 1567 665 1630 debita
687 1587 763 1630 uero
786 1576 938 1648 pereunt,
969 1586 1070 1648 eoque
1094 1567 1185 1629 modo

33 1653 70 1713 86
92 1653 258 1716 debitores
287 1653 473 1716 hereditarii
502 1653 626 1716 luorum
654 1655 786 1715 iaciunt.
833 1654 919 1715 ldem
950 1653 1031 1714 iuris
1061 1663 1125 1732 est,
1158 1654 1185 1716 si

91 1747 286 1802 testamento
316 1739 455 1819 scriptus
485 1741 578 1802 heres
608 1749 817 1820 posteaquam
844 1741 936 1801 heres
959 1739 1117 1818 extiterit,
1152 1741 1185 1800 in

93 1827 164 1887 iure
196 1825 330 1888 cesserit
359 1825 585 1904 hereditatom;
619 1835 692 1888 ante
721 1825 840 1887 aditam
870 1844 947 1886 uero
976 1824 1184 1887 hereditatem
1204 1837 1234 1882 rs

34 1911 70 1972 87
93 1909 240 1973 cedendo
270 1910 352 1972 nihil
382 1912 457 1992 agit.
505 1913 588 1974 Suus
619 1921 725 1974 autem
756 1920 787 1974 et
809 1911 1007 1974 necessarius
1030 1912 1121 1973 heres
1144 1931 1185 1972 an

93 1997 219 2078 aliquid
249 2006 343 2076 agaat
372 1997 406 2058 in
435 1997 504 2059 iure
527 1997 669 2059 cedendo
693 1998 872 2078 quaeritur.
908 1998 1007 2058 nostri
1030 2017 1184 2078 praecep-

52 2081 55 2088 ’
92 2093 179 2146 tores
202 2083 286 2144 nihil
309 2102 362 2145 eos
386 2103 480 2164 agere
504 2085 697 2160 existimant3
725 2084 876 2146 diuersae
899 2083 1020 2146 scholae
1040 2092 1184 2146 auctores

92 2170 178 2232 idem
202 2189 257 2230 eos
281 2189 374 2249 agere
398 2178 528 2250 putant,
560 2169 647 2251 quod
670 2170 769 2232 ceteri
792 2180 862 2250 post
886 2170 1000 2232 aditam
1023 2169 1184 2232 heredita-

92 2265 174 2332 tem;
203 2253 286 2316 nihil
309 2255 395 2316 enim
418 2257 567 2335 interest,
593 2266 701 2318 utrum
724 2257 844 2337 aliquis
866 2255 1025 2318 cernendo
1049 2265 1104 2317 aut
1126 2275 1183 2337 pro
1202 2267 1233 2312 so

93 2340 212 2404 herode
245 2340 383 2421 gerendo
411 2343 504 2404 heres
533 2343 603 2423 fiat,
638 2362 677 2404 an
702 2343 781 2404 iuris
803 2343 992 2404 necessitate
1016 2340 1184 2403 hereditati

94 2427 324 2507 adstringatur.

37 2567 71 2626 88
179 2561 280 2648 1111666
302 2571 496 2627 transeamus
519 2564 560 2626 ad
582 2565 803 2646 obligationes.
837 2583 970 2644 quarum
994 2583 1116 2625 summa
1131 2563 1281 2636 di-pgssr

94 2651 177 2712 nisio
201 2652 234 2712 in
257 2649 337 2713 duas
361 2651 485 2732 species
508 2649 690 2713 diducitur:
725 2652 826 2711 omnis
850 2651 935 2712 enim
958 2648 1107 2731 obligatio
1130 2650 1183 2712 uel

95 2757 136 2798 ex
158 2744 321 2798 contractu
343 2738 485 2799 nascitur
506 2737 560 2798 uel
583 2757 622 2798 ex
645 2735 771 2798 delicto.
1200 2747 1231 2794 as

39 2825 73 2886 89
181 2825 222 2884 Et
248 2823 340 2903 prius
362 2821 530 2885 uideamus
553 2822 593 2885 de
616 2823 666 2884 his
689 2843 772 2904 quae
796 2841 837 2884 ex
859 2829 1021 2884 contractu
1044 2839 1182 2883 nascun-

95 2918 159 2971 tur.
199 2911 313 2970 harum
336 2917 441 2970 autem
465 2918 614 2989 quattuor
637 2927 751 2990 genera
776 2917 866 2971 sunt:
890 2918 944 2971 aut
960 2908 1045 2970 enirn
1061 2927 1094 2969 re
1110 2927 1182 2970 cort-

95 2995 234 3057 trahitur
256 2993 406 3076 obligatio
430 3004 485 3058 aut
507 2995 618 3057 uerbis
641 3003 697 3060 aut
720 2995 836 3056 litteris
859 3005 914 3056 aut
936 3014 1104 3056 consensu.

93 3113 146 3128 ΑΛΛ,
562 3113 639 3127 ιΛΛΛΛι

165 3155 191 3222 11
206 3161 237 3207 88
258 3159 286 3206 et
304 3161 334 3207 86
355 3155 426 3207 enni,
447 3158 512 3207 lust.
529 3161 553 3217 6,
570 3160 610 3207 46.

94 3251 146 3266 &W
441 3250 765 3266 JWWVVVVVNMMVNANJ
1038 3249 1180 3263 'vvvvvvvw

165 3307 178 3352 6
199 3302 380 3354 defendantur
396 3303 535 3364 Goescbea,
549 3302 709 3354 defendatur
723 3302 743 3352 C
759 3301 771 3366 11
791 3307 804 3351 5
818 3303 950 3365 permittit
965 3302 1104 3360 Goescbem
1118 3315 1182 3366 per·

95 3374 211 3423 mittitur
231 3372 274 3432 0¹¹,
295 3373 360 3434 cont.
382 3371 414 3422 Cr
430 3376 558 3436 pepecit
576 3371 587 3434 11
607 3375 620 3420 6
639 3375 725 3422 minas
744 3373 778 3420 ad
800 3371 911 3421 incertos
931 3373 1023 3421 codicis
1038 3370 1058 3421 C
1075 3373 1114 3432 (io
1132 3384 1181 3432 pao

95 3443 254 3492 rubricatori
271 3455 340 3490 aaas
361 3454 454 3491 uersas
477 3455 578 3490 uaccas
601 3441 705 3490 relictas
729 3441 776 3502 est)
802 3441 894 3490 ductas
920 3451 998 3501 paam
1021 3441 1055 3489 ad
1078 3445 1181 3489 scatea-

97 3513 192 3561 tiaram
211 3523 340 3560 cocceam
356 3510 501 3572 suppletam
518 3515 555 3560 est
573 3508 584 3573 11
603 3507 759 3574 11186-87
779 3509 909 3558 Poteaaor
927 3509 1022 3557 audaci
1035 3511 1182 3558 coniectare

97 3582 168 3628 eiecit
184 3582 260 3642 oaesi
278 3581 398 3641 spa·rias;
423 3592 485 3629 eam
508 3580 575 3641 qaod
593 3579 743 3629 hereditatis
760 3581 787 3627 ia
805 3579 863 3627 iare
886 3591 972 3627 cessae
994 3580 1089 3628 mentio
1107 3580 1135 3626 ia
1153 3583 1178 3638 2,

97 3653 129 3698 98
146 3649 187 3711 fit,
207 3649 235 3698 id
252 3661 281 3697 ec
295 3649 463 3710 probabiliter
481 3649 637 3709 replicatur,
665 3649 732 3709 qaod
758 3646 839 3696 Gaias
861 3649 922 3695 tuac
946 3659 977 3695 ea
998 3660 1064 3708 qaae
1082 3649 1136 3695 iam
1153 3651 1179 3706 2,

95 3718 198 3767 56-57
213 3718 318 3778 plenius
335 3719 509 3778 reposuisset,
535 3722 651 3778 repetere
668 3719 773 3766 aidetar
790 3716 918 3777 notuisse,
939 3716 1030 3764 deinde
1048 3717 1182 3765 consilium

95 3789 215 3837 mutasse.
257 3788 369 3835 eiusdem
393 3786 462 3835 modi
484 3787 647 3847 repetitiones
671 3790 761 3835 eataat
786 3797 807 3834 e.
828 3798 854 3848 p.
873 3787 899 3845 5,
924 3789 957 3834 56
977 3785 1020 3846 (=
1041 3786 1179 3844 62915,

98 3858 209 3915 165661,
233 3855 276 3916 (=
294 3860 319 3917 2,
336 3858 369 3904 86
381 3855 455 3915 sea),
478 3859 503 3916 6,
519 3859 567 3904 166
580 3868 630 3916 sep.
654 3855 735 3916 (=5,
751 3855 877 3914 186661.)
898 3852 908 3916 11
929 3857 942 3901 7
962 3851 1062 3903 herede
1081 3867 1114 3902 ex
1132 3853 1181 3901 he-

96 3922 176 3973 redes
200 3927 345 3973 correctam
365 3922 384 3973 C
406 3922 417 3985 11
441 3926 455 3970 8
475 3924 621 3985 suppletam
645 3925 708 3972 daec
737 3922 883 3972 Goescbeao
906 3921 917 3984 11
942 3926 972 3971 tt
992 3922 1019 3972 id
1041 3921 1178 3981 Gcescbea,

97 3991 123 4041 id
146 4005 160 4040 a
180 3991 199 4042 C
217 3991 296 4053 (eoos.
316 3997 342 4051 2,
364 3990 515 4055 15511116
539 4005 606 4042 suns
633 3991 770 4052 Goeschea,
799 4004 846 4042 sus
866 3989 913 4055 011
936 3993 965 4039 tr
992 3991 1072 4054 agant
1096 3989 1180 4038 Laet-

97 4073 184 4120 maao,
209 4063 271 4124 agat
293 4061 312 4112 G
330 4061 341 4123 11
361 4063 391 4108 tt
411 4060 512 4110 aditam
534 4060 672 4119 boemica,
692 4060 823 4110 aditatam
844 4060 864 4111 C
882 4059 894 4124 11
914 4063 944 4108 23
964 4059 1092 4121 suppleuit
1113 4056 1181 4106 Goe-

97 4130 173 4178 scbea
198 4144 232 4179 ea
255 4130 317 4179 lost.
343 4129 354 4192 11
378 4132 478 4178 27—28
505 4129 673 4180 contrahitur
698 4128 843 4192 bactrica,
870 4129 984 4179 trahitur
1008 4126 1034 4190 G,
1059 4125 1125 4187 coos.
1150 4123 1182 4176 0Δ

96 4209 157 4260 pap.
171 4203 221 4252 260
238 4211 307 4249 aers.
321 4204 347 4249 5.
