2908 4764
281 361 471 427 14440-444
675 396 760 406 --
804 359 844 424 28
889 395 972 406 --

280 551 437 632 mancipio
460 550 584 630 accipit,
618 568 670 614 ces
692 559 805 612 tenens
828 551 871 612 ita
894 549 972 612 dicit
993 567 1069 610 avuc
1092 567 1150 610 nco
1173 567 1309 612 nourunu
1332 567 1368 610 nx

280 657 356 700 rvaa
376 655 528 709 ernuuu
550 655 629 698 ιιιιιι
651 654 718 698 ussa
740 654 791 698 uo
811 655 900 709 rsovn
920 653 1199 697 urnrsurrvsasro
1216 653 1370 697 anniane

280 742 429 796 40004000
451 742 549 799 uranu
582 721 699 784 deinde
722 741 796 783 aere
819 723 958 803 percutit
980 721 1095 782 libram
1117 720 1217 801 idque
1240 740 1295 782 aes
1311 720 1367 784 dat

197 812 256 874 420
281 810 311 870 44
333 829 352 870 4
374 827 438 889 quo
460 809 617 889 mancipio
639 809 756 888 accipit
785 810 878 888 quasi
905 807 1001 888 pretii
1024 808 1103 869 loco.
1150 808 1194 867 Eo
1217 807 1311 868 modo
1335 816 1368 869 et

279 894 416 958 seruiles
439 903 471 956 et
492 894 614 956 liberae
633 913 788 975 personae
803 895 1042 974 mancipantur3
1069 893 1217 956 animalia
1235 905 1396 974 quoquae

282 1001 364 1062 quae
387 980 536 1062 mancipii
559 988 644 1059 sunt,
672 999 734 1061 quo
758 981 791 1042 in
814 1000 947 1042 numero
970 981 1129 1044 habentur
1143 979 1249 1057 boues,
1274 980 1363 1060 equi,

281 1068 370 1146 muli,
397 1067 494 1144 asini;
525 1066 601 1127 item
627 1065 845 1147 praedictam
866 1066 990 1130 urbana
1013 1084 1110 1147 quam
1141 1065 1259 1128 rustica
1284 1085 1368 1146 quae

282 1155 405 1234 etipsa
433 1153 583 1233 mancipii
610 1161 701 1230 sunt,
735 1151 846 1233 qualia
876 1161 952 1214 sunt
980 1151 1103 1231 Italica,
1141 1151 1252 1213 eodem
1276 1151 1368 1212 modo

197 1243 251 1304 424
281 1240 385 1302 solent
406 1237 593 1319 mancipari.
640 1240 675 1300 ln
698 1258 734 1300 eo
758 1239 824 1300 solo
846 1237 1050 1318 praediorum
1073 1237 1263 1318 mancipatio
1280 1258 1297 1298 a
1314 1257 1368 1298 04-

280 1334 420 1388 terorum
432 1324 663 1405 mancipatione
678 1323 795 1402 differt,
816 1324 902 1405 quod
917 1343 1071 1404 personae
1087 1325 1223 1386 seruiles
1238 1331 1271 1386 et
1285 1323 1369 1386 libe·
1384 1335 1412 1380 44

280 1430 344 1490 rae,
370 1411 447 1473 item
469 1411 618 1474 animalia
640 1430 723 1491 quae
746 1411 897 1491 mancipii
920 1419 1010 1490 sunt,
1043 1411 1105 1472 nisi
1128 1413 1162 1472 in
1184 1413 1368 1490 praesentia

281 1498 354 1576 sint,
377 1497 552 1578 mancipari
574 1515 637 1558 non
659 1505 811 1576 possunt;
838 1496 916 1559 adeo
939 1497 1080 1577 quidem,
1100 1495 1113 1577 44
1129 1505 1165 1558 04
1187 1515 1261 1558 eum
1278 1492 1447 1583 (4404444444

281 1583 439 1664 mancipio
462 1583 584 1663 accipit,
611 1581 851 1663 adprehendere
875 1582 907 1644 id
930 1583 1037 1663 ipsum
1061 1581 1148 1663 quod
1163 1583 1195 1644 ei
1207 1584 1366 1664 mancipio

281 1668 393 1747 datur,
426 1688 557 1732 necesse
580 1670 637 1746 sit;
671 1667 758 1730 unde
781 1669 877 1730 etiam
899 1669 1089 1749 mancipatio
1120 1668 1252 1747 dicitur,
1289 1671 1368 1750 quia

280 1774 377 1818 manu
396 1774 449 1818 res
471 1754 612 1835 capitur;
638 1754 770 1835 praedia
790 1773 867 1817 uero
890 1753 1035 1816 absentia
1057 1755 1162 1816 solent
1176 1753 1365 1836 mancipari,
1385 1765 1412 1810 44

198 1846 257 1907 422
281 1840 353 1902 ldeo
377 1850 483 1904 autem
506 1860 560 1902 aes
583 1849 614 1904 et
636 1840 718 1902 libra
741 1839 921 1919 adhibetur,
942 1842 1019 1921 quia
1034 1841 1109 1902 olim
1124 1842 1226 1902 aereis
1243 1848 1368 1904 tantum

281 1928 420 1990 nummis
435 1926 619 2006 utebantur,
644 1935 678 1988 et
693 1935 783 1989 erant
798 1946 896 2006 essee,
917 1925 1084 2008 dupundii,
1105 1927 1265 2005 semisses,
1286 1947 1368 2008 qua-

281 2011 420 2091 drantes,
440 2032 500 2076 nec
514 2012 603 2074 ullus
618 2031 736 2074 aureus
749 2012 804 2074 uel
815 2021 985 2093 argenteus
996 2031 1147 2076 nummus
1158 2013 1192 2074 in
1204 2032 1268 2076 usu
1280 2024 1364 2095 erat,

281 2098 364 2160 sicut
386 2117 427 2160 ex
453 2098 524 2179 lege
546 2100 589 2160 ᾖ
610 2097 794 2160 tabularum
817 2099 1002 2178 intellegere
1025 2117 1211 2180 possumus;
1238 2119 1369 2162 eorum-

281 2203 345 2265 que
367 2203 569 2246 nummorum
596 2185 648 2248 uis
678 2193 710 2246 et
738 2193 878 2265 potestas
900 2181 1042 2269 000440
1064 2203 1195 2248 numero
1218 2187 1412 2250 crassedo

281 2272 314 2332 in
336 2269 478 2353 pondere
847 2267 945 2351 444040
966 2271 1097 2334 librales
1119 2279 1226 2350 erant,
1253 2280 1286 2334 et
1308 2272 1369 2334 du-

280 2355 392 2438 pondii
777 2357 799 2440 4;
825 2355 911 2420 unde
934 2358 1030 2420 etiam
1051 2356 1237 2438 dupundius
1253 2356 1368 2421 dictus

280 2450 326 2506 est
346 2445 435 2526 quasi
456 2443 521 2506 dno
543 2442 659 2525 pondo,
686 2443 772 2525 quod
793 2462 909 2506 nomen
932 2441 1034 2506 adhuc
1055 2444 1089 2504 in
1111 2463 1173 2506 usu
1195 2445 1364 2507 retinetur.

280 2531 425 2594 semisses
447 2549 569 2612 quoque
591 2538 624 2592 et
646 2529 838 2611 quadrantes
860 2549 918 2611 pro
939 2539 1008 2594 rata
1029 2527 1151 2592 scilicet
1166 2531 1310 2610 portione
1325 2530 1368 2593 ad

279 2613 416 2699 ponldus
439 2616 609 2680 examinati
632 2625 733 2679 erant.
987 2617 1044 2698 qui
1064 2615 1165 2678 dabat
1185 2616 1257 2678 olins
1276 2613 1282 2701 Ι
1301 2637 1366 2698 pe—
1383 2625 1412 2670 ²⁵

278 2703 418 2783 cuniam,
444 2721 507 2764 non
529 2701 717 2766 numerabat
740 2721 819 2782 eam,
847 2702 904 2764 sed
926 2701 1145 2783 appendebat;
1172 2701 1260 2766 unde
1275 2705 1366 2766 serui

281 2787 401 2867 quibus
428 2789 625 2868 permittitur
652 2786 882 2850 administratio
912 2785 1094 2872 pelcuniae,
1127 2788 1367 2869 dispensatores

198 2875 256 2937 423
281 2874 433 2954 appellati
456 2881 584 2936 suntet

351 3079 360 3124 4
384 3078 520 3142 mancipio
541 3075 567 3136 G,
594 3078 761 3142 mancipium
786 3079 875 3130 444444.
895 3079 907 3144 4
925 3093 970 3130 aes
989 3081 1088 3141 1404440,
1115 3093 1174 3130 rem
1194 3079 1215 3130 C
1236 3079 1248 3144 4
1273 3082 1366 3132 24004

280 3163 379 3221 nocta,
400 3163 463 3213 iust-
487 3162 532 3224 ΟΠ,
552 3162 618 3225 coos.
641 3161 671 3212 0⁸
685 3175 748 3227 pao.
762 3164 814 3218 275
836 3163 847 3227 44
870 3165 948 3229 isque
966 3167 1066 3226 4404440,
1087 3165 1209 3230 iisqueG
1229 3166 1240 3229 44
1262 3169 1319 3217 esto
1335 3167 1365 3228 0,
1444 3195 1445 3206 ι

279 3233 322 3281 est
338 3231 426 3281 Bootis.
443 3231 457 3295 4
477 3244 540 3281 aem
559 3232 658 3292 440444,
678 3245 726 3282 ner
745 3231 766 3282 G
785 3233 861 3296 (0004.
885 3234 918 3285 0²
932 3247 994 3298 pop.
1010 3235 1073 3296 2484
1097 3233 1109 3298 44
1132 3237 1147 3284 t
1170 3235 1308 3300 mancipio
1335 3235 1364 3296 G,

279 3300 445 3363 mancipium
469 3301 557 3352 140444.
582 3299 594 3363 44
616 3305 630 3350 4
651 3301 728 3352 mulii
749 3301 770 3353 c
792 3301 803 3364 4
826 3315 910 3366 quarn
930 3303 1074 3363 Goesobss,
1101 3317 1155 3368 que
1174 3303 1221 3364 0³,
1241 3305 1308 3368 4004.
1333 3304 1367 3358 0¹
1443 3351 1444 3356 ,

276 3382 340 3432 pau.
352 3373 402 3423 294
421 3369 432 3432 4
451 3372 466 3417 8
485 3369 576 3433 qualia
590 3369 734 3438 4404444440,
749 3370 823 3435 quali
837 3370 858 3422 0
873 3371 886 3436 4
907 3375 922 3420 9
940 3371 1116 3438 praediorum
1129 3373 1269 3436 (40444440,
1281 3387 1368 3438 prae-
1443 3377 1444 3382 ’

279 3437 399 3488 ditonum
419 3437 454 3490 0¹¹
477 3438 488 3502 44
513 3442 543 3488 tt
562 3439 677 3490 seruilce
695 3453 730 3490 44
753 3441 871 3491 seruires
894 3447 1039 3492 0040404004
1059 3440 1090 3492 0¹
1113 3440 1124 3504 44
1149 3445 1180 3490 ta
1199 3442 1246 3505 qui
1264 3443 1367 3494 04444444
1443 3435 1444 3454 ³

280 3506 426 3568 Goesobea,
450 3521 501 3558 040.
523 3508 545 3559 0
568 3508 645 3572 44004.
669 3507 702 3559 G·
716 3521 779 3572 004.
794 3514 845 3564 292
862 3523 932 3561 nors.
944 3514 991 3569 22)
1009 3510 1020 3573 44
1040 3513 1071 3558 44
1096 3511 1197 3574 accipit
1221 3510 1363 3573 60440440,
1443 3517 1444 3574 3

279 3576 418 3640 accepltc
435 3576 446 3642 44
464 3577 487 3627 44
503 3576 642 3638 (lessam,
658 3580 691 3628 ct
706 3579 735 3628 in
752 3580 795 3630 044
811 3579 877 3630 4440
892 3578 939 3642 04
959 3582 989 3628 44
1008 3579 1089 3630 datur
1103 3579 1241 3639 (40440400,
1260 3579 1310 3630 dat
1325 3578 1367 3648 04
1442 3615 1444 3648 3

280 3648 311 3693 44
329 3646 436 3695 tantum
456 3645 595 3706 (40440440,
614 3649 778 3698 tantumtum
798 3647 828 3707 G,
849 3647 916 3710 conf.
936 3648 967 3700 0³
982 3661 1044 3712 paq.
1058 3653 1109 3700 404
1127 3646 1139 3712 4
1157 3651 1257 3696 24-44
1281 3647 1367 3700 Gutus
1442 3659 1443 3674 ³

278 3714 343 3762 44444
359 3713 414 3775 fers
432 3718 591 3776 cmpressisse
608 3717 729 3767 uidetur:
749 3716 805 3768 sed
821 3717 857 3767 in
874 3717 1014 3777 pondere
1029 3718 1131 3779 posim
1149 3729 1215 3766 uam
1228 3713 1366 3783 etesiaca
1441 3721 1443 3790 4

277 3781 408 3834 librales
423 3786 515 3835 erant
532 3786 565 3835 44
587 3784 735 3846 demenda
758 3787 861 3836 bilibres
882 3786 894 3849 4
918 3789 1018 3836 22-44
1037 3786 1104 3849 conf.
1127 3785 1191 3849 0¹41
1213 3788 1245 3834 24
1271 3787 1366 3840 adbuc

280 3850 419 3911 (40440440,
440 3851 550 3902 adhunc
571 3852 619 3916 04
638 3857 669 3903 25
688 3859 749 3905 0044
766 3855 813 3918 qui
837 3853 919 3904 dabat
939 3857 1113 3917 supplendum
1132 3855 1253 3905 sidetem:
1278 3869 1365 3920 quam

279 3919 314 3970 ob
331 3933 389 3970 rem
402 3922 445 3970 044
461 3923 544 3970 440444
560 3923 657 3982 04440444
673 3922 685 3986 4
703 3927 735 3972 te
755 3926 926 3981 4000440444ιο,
944 3925 1013 3986 qood
1029 3925 1064 3974 04
1074 3923 1201 3989 appellati
1220 3927 1286 3974 sunt
1300 3938 1367 3986 per·
1441 3931 1443 3938 ’

278 3991 360 4040 440404
383 4002 466 4051 sopra
490 3991 663 4054 stabilitatem
685 3997 736 4054 est,
768 3997 858 4042 04000
883 3993 964 4054 paolo
992 3994 1071 4043 404404
1098 3995 1176 4044 ctiam
1201 3991 1242 4054 (st
1270 3993 1366 4045 044400
1442 4017 1443 4042 ι

280 4096 286 4108 .
304 4059 367 4122 ...4
384 4061 501 4120 patenti
517 4071 611 4119 04404,
637 4071 689 4108 000
707 4061 792 4122 liquet.
831 4061 930 4112 1444044
952 4066 1062 4124 apparet
1085 4062 1245 4124 4044400400
1268 4076 1325 4113 csso
1347 4077 1366 4114 0

281 4127 354 4188 6040,
374 4128 466 4190 quina
482 4128 560 4178 44404
577 4128 681 4190 differat
697 4131 811 4180 40044040
827 4130 939 4193 seminas
957 4143 1022 4194 4404
1039 4133 1066 4180 40
1077 4143 1159 4180 maan
1169 4132 1212 4192 444,
1227 4131 1260 4180 04
1273 4145 1366 4183 comm

278 4197 425 4246 0004444004
442 4199 486 4258 qus·
503 4198 531 4246 40
547 4199 675 4260 mancipo
692 4201 753 4248 4404.
