2908 4764
263 365 287 414 ιι
305 361 318 428 a
334 365 469 414 aaa-am
655 397 742 408 .-.
785 361 826 424 93
870 395 956 408 -..

178 553 239 615 266
353 552 455 612 Potest
478 560 583 612 autem
606 551 742 631 quisque
767 551 861 612 etiam
884 569 936 612 res
958 550 1099 630 singulas
1114 568 1170 630 per
1186 549 1357 614 fideicom-

268 639 400 699 missum
423 638 622 716 relinquere,
647 637 736 698 uelut
758 635 890 698 fundum
913 637 1072 698 hominem
1093 644 1211 697 uestem
1235 656 1358 718 argen-

264 733 331 786 tum
360 725 545 803 pecuniam,
578 732 609 784 et
635 722 688 784 uel
717 723 820 802 ipsum
851 721 1000 784 heredem
1030 739 1156 800 rogare,
1190 731 1226 782 61
1254 723 1357 786 611661

265 810 428 888 restituat,
462 810 515 870 uel
542 809 744 890 legatarium,
778 809 923 888 quamuis
950 827 967 868 a
991 808 1142 889 legatario
1165 809 1264 888 legari
1289 829 1356 870 nen

180 897 236 958 261
266 895 375 975 possit.
423 897 500 958 ltem
530 903 634 975 potest
663 913 726 956 non
755 896 856 956 solum
886 895 1014 974 propria
1036 895 1196 955 testatoris
1218 913 1271 956 res
1294 910 1388 976 pere

266 980 545 1044 fideicommissum
571 981 729 1060 relinqui,
761 980 819 1044 sed
852 981 947 1042 etiam
977 979 1104 1042 heredis
1121 985 1184 1042 'aut
1207 981 1355 1060 legatarii

266 1076 319 1130 aut
342 1066 512 1129 cuiuslibet
534 1068 677 1128 alterius.
718 1068 824 1147 itaque
852 1075 883 1128 et
905 1066 1075 1146 legatarius
1098 1085 1160 1126 non
1184 1067 1288 1128 solum
1313 1066 1355 1128 de

268 1173 305 1216 ea
328 1172 362 1214 re
385 1155 488 1234 rogari
511 1161 632 1233 potest,
658 1161 695 1214 61
717 1171 786 1214 eam
808 1153 902 1214 alicui
924 1152 1069 1214 restituat
1091 1169 1173 1231 quae
1196 1153 1225 1214 ei
1248 1153 1354 1234 legata

266 1241 317 1316 sit,
343 1238 401 1300 sed
423 1241 518 1301 etiam
540 1239 581 1301 de
604 1238 675 1317 alia,
701 1240 771 1299 siue
795 1239 897 1319 166166
919 1239 1062 1319 legatarii
1085 1238 1154 1299 siue
1170 1239 1273 1300 aliena
1297 1241 1352 1302 sit.

269 1323 349 1406 [sed]
382 1327 439 1386 hon
467 1326 567 1386 solum
590 1323 826 1386 obseruandum
849 1333 914 1403 est,
947 1343 988 1385 ne
1011 1324 1084 1404 plus
1106 1325 1276 1404 quisquam
1301 1345 1357 1386 ro-
1373 1339 1401 1384 16

266 1419 358 1492 getur
387 1409 457 1473 aliis
486 1413 671 1489 restituere,
705 1429 800 1490 quam
830 1410 898 1490 ipse
929 1429 970 1471 ex
997 1418 1186 1472 testamenta
1210 1412 1351 1491 ceperit3

180 1498 241 1558 262
265 1516 338 1558 nam
354 1493 367 1578 6
383 1495 468 1577 quod
490 1497 627 1578 amplius
649 1505 706 1574 est,
734 1497 891 1558 inutiliter
905 1496 1108 1576 relinquitur.
1148 1497 1228 1558 Cum
1243 1506 1444 1572 autempgan

266 1584 369 1644 aliena
400 1601 451 1644 res
474 1601 531 1661 per
553 1583 829 1645 fideieommissum
853 1582 1063 1662 relinquitur,
1095 1600 1225 1644 neeesse
1250 1592 1300 1644 est
1325 1583 1356 1644 ei

265 1670 321 1748 qui
343 1677 470 1750 rogatus
493 1678 549 1745 est,
580 1677 635 1730 aut
657 1663 760 1748 ipsum
783 1667 939 1730 redimere
963 1679 995 1730 et
1016 1677 1189 1748 praestare,
1216 1677 1272 1731 aut
1296 1688 1355 1730 ae-

266 1756 477 1818 stimationem
502 1755 567 1816 eius
590 1755 724 1833 soluere,
750 1755 830 1817 sicut
850 1754 927 1816 iuria
942 1761 988 1816 661
1001 1755 1029 1815 si
1042 1773 1101 1834 per
1116 1753 1355 1816 damnationem
1374 1769 1401 1813 16

267 1842 375 1902 611666
397 1859 450 1902 res
473 1842 576 1921 legata
598 1842 649 1902 sit.
688 1850 763 1902 sunt
785 1849 891 1902 tamen
913 1835 970 1920 qlii
992 1849 1117 1920 putant,
1149 1841 1176 1902 si
1201 1859 1269 1902 rem
1293 1860 1355 1922 per

268 1926 545 1988 fideicommissum
579 1927 721 1988 relietam
755 1925 903 1988 dominus
935 1945 997 1988 non
1030 1924 1166 2005 uandat,
1208 1927 1354 2007 extingui

268 2011 562 2090 fideicommissum
597 2011 654 2073 sed
677 2013 771 2074 aliam
793 2031 863 2075 esse
886 2031 1015 2075 eausam
1036 2031 1095 2092 per
1116 2011 1354 2076 damnationem

268 2099 373 2177 legati.

183 2185 243 2252 263
354 2183 491 2244 Libertas
514 2202 641 2264 quoque
665 2202 757 2245 seruo
780 2204 838 2264 per
855 2183 1133 2246 fideicommissum
1147 2182 1217 2244 dari
1233 2191 1351 2263 potest,
1372 2197 1400 2243 at

152 2329 156 2338 ,
181 2271 241 2330 261
268 2279 303 2330 61
318 2270 371 2331 661
386 2269 478 2332 heres
494 2279 622 2350 rogetur
637 2269 872 2350 manumittere,
890 2271 944 2332 661
959 2271 1142 2350 legatarius.
1179 2271 1238 2330 Nec
1253 2271 1355 2331 16166-

268 2364 321 2438 661,
346 2364 451 2418 616661
473 2356 509 2417 de
531 2375 585 2418 666
607 2357 735 2437 proprio
753 2375 845 2418 seruo
860 2364 991 2418 testator
1005 2365 1103 2436 roget,
1130 2374 1170 2416 an
1185 2353 1226 2416 de
1242 2374 1279 2416 en
1295 2358 1354 2436 qui

184 2442 245 2503 266
269 2442 370 2523 166166
392 2442 517 2504 heredis
540 2451 594 2504 aut
617 2443 759 2522 legatarii
781 2443 834 2505 uel
856 2443 951 2504 etiam
974 2443 1119 2504 extranei
1142 2441 1193 2503 sit.
1240 2442 1354 2521 ltaque

269 2538 300 2590 et
326 2530 450 2591 alienus
480 2548 591 2591 seruus
614 2528 729 2590 redimi
752 2537 783 2589 et
806 2529 985 2590 manumitti
1008 2526 1114 2590 debet.
1155 2525 1270 2607 quodsi
1293 2527 1355 2589 dn-

268 2615 374 2677 minus
397 2635 469 2678 eum
492 2635 554 2678 non
577 2614 713 2693 uendat,
743 2633 818 2676 sana
842 2615 1040 2694 extinguitur
1061 2613 1355 2676 fideicommissaria
1373 2627 1401 2672 26

268 2701 417 2781 libertas,
450 2703 525 2781 quia
553 2703 611 2762 hoe
636 2719 711 2762 6666
732 2703 830 2781 pretii
853 2702 1032 2781 conputatio
1053 2699 1139 2760 nulla
1163 2700 1352 2761 interuenit.

84 2779 91 2786 “
183 2787 245 2846 266
270 2788 330 2860 Qui
360 2797 466 2849 autem
496 2807 537 2849 ex
558 2786 799 2848 fideicommissa
822 2787 1072 2866 manumittitur,
1106 2803 1169 2847 666
1191 2787 1355 2848 1661616ιί6

339 3007 414 3072 6266
435 3029 466 3051 .-
485 3009 693 3073 1661.2,2661,
713 3008 725 3071 11
743 3007 815 3073 6261
838 3007 894 3059 lere
913 3029 945 3052 =
963 3009 1151 3068 1661.2,26,1
1175 3007 1187 3071 6
1208 3005 1283 3071 6262
1303 3021 1354 3058 66-

270 3091 323 3140 que
340 3077 374 3127 ad
396 3081 426 3126 16
445 3078 546 3126 soluere
564 3095 596 3119 ε
615 3078 680 3127 1661.
695 3081 721 3136 2,
735 3079 777 3137 26,
793 3081 803 3126 1
826 3077 837 3141 6
854 3076 928 3142 6266
943 3097 975 3120 =-
988 3078 1052 3127 lnst.
1067 3081 1093 3136 2,
1108 3078 1150 3137 26,
1166 3080 1181 3124 2
1199 3076 1210 3140 6
1229 3074 1305 3140 6266
1321 3097 1354 3121 ε

269 3147 337 3195 1661.
354 3149 378 3205 2,
393 3147 434 3206 21,
450 3151 464 3194 2
488 3144 499 3207 ΙΙ
525 3143 600 3209 6266
619 3158 706 3209 usque
725 3145 761 3196 ad
778 3150 811 3196 26
829 3149 927 3196 6661161
944 3150 971 3196 61
994 3145 1057 3196 inde
1082 3145 1117 3196 ab
1135 3148 1167 3195 26
1187 3148 1355 3208 6666666166

267 3227 354 3278 usque
373 3215 407 3265 ad
425 3217 458 3264 26
477 3216 538 3276 qula
556 3234 587 3258 =
606 3215 671 3267 lnst.
686 3217 711 3275 2,
726 3216 768 3275 26,
785 3217 800 3262 2
817 3214 829 3278 6
846 3213 922 3278 6266
942 3235 973 3258 =
993 3217 1058 3265 1661.
1074 3218 1099 3275 2,
1115 3216 1157 3274 26,
1172 3218 1195 3263 2.

270 3330 376 3347 ιΝΝΛΝΛΛι
380 3333 619 3349 ΧΛΛΑὪΝΝΝΛΝΛΛΝΝ

339 3423 348 3468 1
372 3421 488 3484 quisque
514 3419 541 3480 C,
567 3421 628 3484 quis
653 3421 715 3471 1661.
741 3421 752 3484 6
777 3433 821 3470 res
845 3421 966 3484 singulas
992 3420 1019 3483 G,
1047 3420 1166 3484 singulas
1190 3433 1234 3470 res
1257 3421 1320 3471 1661.
1344 3420 1349 3486 l

270 3488 380 3538 266161
400 3488 428 3550 G,
453 3489 538 3539 ueluti
558 3490 620 3539 1661.
646 3489 657 3553 ll
680 3490 876 3550 6661661661,
903 3491 1006 3540 6616616
1028 3488 1048 3540 C
1069 3491 1111 3540 661
1134 3491 1267 3540 66166166
1288 3487 1349 3555 0¹1}

270 3560 284 3604 6
304 3559 445 3618 pecuniam
468 3558 496 3618 0,
516 3560 660 3623 pecuniam
679 3559 849 3608 numeratam
869 3559 932 3608 1661.
953 3557 964 3622 ΙΙ
984 3562 997 3607 6
1017 3559 1081 3608 item
1098 3561 1189 3622 661661
1208 3556 1236 3616 0,
1262 3561 1354 3622 661661

270 3629 361 3676 autem
383 3627 445 3678 1661.
466 3625 609 3689 66611661
633 3627 661 3689 C,
687 3631 713 3678 61
732 3628 795 3676 1661.
814 3625 826 3689 6
844 3630 858 3675 8
878 3627 959 3676 611661
980 3628 1053 3689 last,
1079 3627 1163 3691 aliqui
1185 3626 1205 3677 0
1227 3626 1239 3690 11
1262 3626 1353 3690 legata

273 3693 301 3754 C,
321 3694 413 3746 relicta
432 3696 495 3747 1661.
515 3696 558 3759 119
578 3697 689 3760 legatari
711 3697 739 3757 G,
765 3709 814 3746 616.
836 3696 899 3746 last.
919 3695 930 3759 ΙΙ
950 3700 980 3744 16
1000 3696 1048 3746 sed
1069 3696 1098 3756 C,
1118 3708 1168 3746 616.
1189 3696 1250 3746 last.
1270 3701 1352 3754 reete,

268 3768 298 3813 61
319 3764 424 3813 uidetur
449 3765 524 3826 (eous.
548 3765 579 3816 0³
601 3778 664 3828 666.
683 3769 734 3816 666
759 3777 830 3815 aare.
851 3765 892 3826 17)
918 3765 929 3827 6
954 3768 979 3812 11
1010 3765 1071 3814 61116
1098 3765 1126 3824 G,
1151 3765 1232 3815 alieni
1258 3765 1319 3814 1661.
1345 3763 1355 3830 ΙΙ

271 3835 301 3881 16
321 3833 495 3896 ipsammet,
517 3835 607 3898 ipsum
627 3833 725 3898 0616
745 3835 803 3884 6166
821 3835 949 3895 suppleuit
967 3834 1096 3884 66666666
1114 3847 1148 3883 aa
1167 3834 1229 3885 1661.
1249 3832 1260 3896 ll
1279 3834 1354 3884 sieut

270 3901 572 3960 166166616166666166,
587 3917 614 3952 s.
625 3905 721 3952 .umiri
732 3945 738 3958 .
749 3905 774 3958 ἶ
784 3915 812 3952 66
825 3901 845 3952 C
857 3903 1056 3962 memmatensis,
1068 3903 1135 3965 conf.
1149 3901 1180 3952 ca
1192 3902 1203 3965 ΙΙ
1216 3905 1247 3950 16
1260 3902 1353 3954 611666

272 3970 410 4030 Gaetulae,
425 3970 541 4020 alienam
558 3971 599 4034 06
612 3975 639 4020 21
657 3971 702 4022 661
714 3985 775 4023 eres
790 3970 834 4034 01¹,
854 3971 933 4021 heres
945 3984 1007 4021 eum
1025 3971 1075 4032 (661
1087 3984 1149 4022 eum
1163 3971 1249 4032 heres)
1265 3971 1330 4021 1661.
1344 3971 1354 4038 ΙΙ

270 4043 370 4089 21-22
391 4040 520 4101 suppleuit
539 4039 668 4090 Goeacltea
686 4055 720 4091 eoe
738 4042 801 4090 1661.
821 4039 833 4101 ΙΙ
852 4042 952 4089 26-26
972 4040 1062 4104 itaque
1081 4043 1107 4090 et
1128 4039 1189 4090 Cet
1207 4041 1269 4089 1661.
1291 4041 1353 4091 libri

270 4110 422 4171 deteriores,
454 4109 544 4172 ltaque
570 4110 633 4159 1661.
659 4111 718 4160 libri
740 4110 859 4159 meliores
880 4109 891 4172 11
916 4111 947 4158 26
974 4122 1071 4160 seruus
1095 4109 1169 4170 1661,
1194 4121 1272 4160 serus
1299 4108 1319 4160 C
1343 4107 1354 4176 ΙΙ

270 4180 301 4224 21
322 4177 532 4229 fideicommissa>
553 4177 596 4237 On,
617 4191 698 4238 causa
717 4177 921 4229 fideicommissi
939 4178 1000 4228 1661.
