2908 4764
263 389 286 438 u
304 386 431 452 §ss-eo
658 423 744 434 -.
788 389 828 451 50
873 422 958 433 ,-

264 595 327 638 non
350 585 399 639 est
421 595 550 639 necesse
573 596 646 639 oum
662 577 779 640 maiore
795 576 982 639 difficultate
998 576 1084 656 apud
1099 585 1280 657 praetorem
1294 587 1346 638 aut

199 662 240 724 26
263 662 349 744 apud
379 662 557 744 praesidem
587 663 773 744 prouinciae
803 681 909 743 agere.
956 661 1076 735 Quodsi
1099 681 1206 742 neque
1229 665 1347 726 manci-

262 791 337 864 pata
359 801 463 863 neque
487 783 519 843 in
542 783 612 844 iure
636 801 725 845 cessa
747 783 788 844 sit
811 803 862 844 res
881 782 1032 862 mancipii
1048 779 1060 864 ΙΙ
1211 751 1240 810 (⁶
1257 763 1347 800 ”m

262 872 291 920 in
311 867 330 920 C
348 870 398 933 leci
416 868 556 930 nequount)

1356 793 1423 857 petil

262 989 377 1070 *plena
400 989 559 1071 possessio
576 1007 726 1050 concessa
972 1025 1340 1034 ——-——---
1363 1002 1374 1047 5

262 1094 302 1136 ex
324 1075 461 1138 formula
491 1094 555 1155 qua
585 1075 618 1136 hi
641 1093 1340 1154 qum*

262 1332 386 1395 fructus
420 1351 461 1395 na

197 1416 238 1480 27
263 1420 340 1480 ltem
374 1418 480 1482 adhuc
513 1418 523 1478 i

585 1523 612 1581 (i
630 1534 725 1570 nereus
742 1522 770 1570 in
791 1519 810 1570 G
827 1521 877 1582 lepi
894 1523 1034 1582 nequeunt)

263 1660 323 1703 non
365 1639 502 1704 luissent

577 1746 606 1806 (7
623 1757 718 1794 uersus
735 1746 763 1792 in
784 1743 804 1794 C
821 1745 871 1807 leui
887 1750 1027 1806 nequeunt)

263 1885 453 1926 s-..-.-.......

263 2044 312 2097 est
342 2055 404 2115 quo
425 2036 552 2097 nomine
568 2051 1338 2106 ——--—-·-—-——---—-,—--

240 2232 242 2236 ¹
263 2225 316 2268 ern
352 2207 405 2268 uel
417 2241 779 2250 ———---

262 2291 430 2374 praedium

262 2380 334 2442 dom
355 2379 423 2441 ulla
453 2378 553 2441 libera
582 2377 697 2442 ciuitas

261 2464 361 2527 nendi
384 2483 496 2528 sumus
516 2502 620 2510 -—-

262 2571 347 2632 csse,
373 2552 580 2633 prouincialis
607 2552 666 2613 soli
689 2571 808 2613 nexum
831 2571 928 2613 none
1339 2571 1342 2636 J

262 2639 524 2719 significationem
565 2639 667 2700 solum
706 2637 849 2700 Italicum
871 2638 1022 2718 mancipii
1051 2646 1108 2712 est,
1144 2635 1344 2721 proluinciale

262 2744 321 2786 uec
342 2725 493 2805 mancipii
517 2733 574 2786 est.
623 2725 716 2786 aliter
739 2724 824 2784 enim
847 2723 949 2785 ueteri
978 2724 1087 2804 lingua
1115 2721 1139 2802 al

680 2845 833 2853 ——--
849 2808 1043 2900 mancipo-l
1359 2819 1384 2866 n

198 2896 238 2956 28
350 2892 438 2978 (lies)
456 2895 671 2974 incorporales
692 2893 895 2957 traditionem
910 2915 973 2957 non
989 2897 1130 2976 recipere
1146 2897 1344 2960 manifestum

198 2983 238 3042 29
263 2989 323 3042 est.
360 2980 424 3042 Sed
439 2982 510 3042 iura
524 2979 729 3060 praediorum
751 2981 946 3044 urbanorum
970 2982 1002 3043 in
1026 2983 1096 3044 iure
1120 2981 1190 3043 cedi
1206 2977 1350 3066 (tantun)

263 3074 414 3145 possunt;
441 3066 634 3128 rusticorum
656 3085 733 3128 uero
756 3067 851 3129 etiam
874 3068 1048 3148 mancipari
1071 3077 1217 3149 possunt.

199 3153 237 3213 30
290 3159 293 3164 '
348 3151 556 3214 Vsusfructus
579 3151 612 3212 in
644 3152 713 3213 iure
743 3153 919 3215 cessionem
949 3162 1074 3217 tantum
1103 3155 1227 3235 recipit.
1280 3173 1345 3216 nan

263 3237 411 3300 dominus
434 3238 635 3319 proprietatis
658 3238 710 3299 alei
735 3239 972 3302 usumfructum
996 3240 1028 3300 in
1052 3241 1121 3302 iure
1150 3239 1264 3302 cedere
1291 3261 1346 3321 po-
1361 3250 1386 3296 tt

262 3331 330 3402 test,
357 3332 394 3386 ut
415 3325 468 3386 ille
491 3323 728 3388 usumfructum
751 3323 866 3388 habeat
888 3334 920 3388 et
942 3326 1011 3406 ipse
1034 3325 1154 3389 nudam
1173 3327 1346 3407 proprieta-

265 3484 677 3504 *VWWWNWNAIWWNANVNAW

332 3587 341 3628 t
365 3587 406 3632 est
425 3583 550 3648 Sociyny,
568 3598 596 3646 Je
612 3584 647 3636 ΟΒ
666 3586 722 3646 (red
740 3587 779 3634 ito
796 3589 851 3646 nt]
871 3585 972 3644 littero,
992 3598 1051 3634 cons
1069 3585 1164 3634 lineola
1180 3585 1289 3635 inuncta
1306 3588 1345 3642 sit,

261 3650 384 3700 uidentur
399 3652 455 3715 fere
467 3654 539 3702 inter
549 3655 751 3716 praepositionis
763 3657 852 3702 notam
863 3654 1011 3704 soliemnem
1023 3653 1133 3718 efficere,
1153 3652 1220 3716 coni.
1239 3653 1271 3704 G·
1285 3667 1346 3718 pop.

261 3719 311 3772 2⁷1
324 3731 394 3769 nors.
408 3723 453 3781 50)
472 3721 484 3786 ΙΙ
503 3725 516 3770 3
535 3723 601 3785 (posi
613 3721 750 3787 mancipii)
768 3726 857 3772 recino
875 3735 930 3771 erse
948 3721 997 3773 sed
1015 3724 1122 3772 tantum
1140 3721 1239 3772 tradita
1254 3725 1348 3785 proto·

261 3788 347 3837 biiiter
364 3791 469 3840 coniecit
488 3791 612 3840 Huschke.
656 3791 755 3841 Deinde
775 3790 857 3841 Gaius
874 3793 956 3854 episto
977 3793 1082 3840 uidetur
1099 3792 1131 3841 de
1147 3793 1289 3851 turesino,
1309 3793 1349 3842 cni

261 3869 305 3906 rer
322 3860 445 3919 mancipii
462 3860 561 3908 tradita
584 3863 685 3910 tontum
702 3863 752 3918 sit;
778 3864 833 3910 turn
850 3861 881 3908 de
899 3861 956 3910 iure
973 3861 1119 3910 connncrcii
1136 3861 1256 3910 similiter
1274 3866 1349 3923 otone

267 3926 389 3988 Vipianna
408 3931 488 3990 it„i.
505 3933 520 3976 t
538 3926 549 3988 ΙΙ
568 3930 582 3975 6
601 3928 666 3990 conf.
682 3929 725 3980 0²⁸
742 3928 754 3992 l
774 3929 985 3989 Insequentibus
1003 3941 1049 3978 ora
1060 3929 1191 3978 nesciendi
1203 3931 1349 3979 ennoondo

261 3999 309 4044 ert.
344 3993 463 4045 Getmnn
480 3995 546 4058 conf.
563 3995 595 4046 0³
612 4009 693 4057 usone
706 3999 740 4046 oi
752 4010 821 4048 nors.
838 3999 869 4045 tt
890 3996 901 4058 11
921 3998 952 4045 26
971 3993 1040 4063 (lies)
1052 3997 1239 4061 incorporales
1251 3998 1347 4048 Boeot-

261 4065 316 4127 iny,
331 4064 520 4128 incorporales
531 4061 594 4132 (res)
609 4063 747 4125 Goeecten,
767 4066 834 4128 cons.
850 4064 883 4116 0Ε
892 4077 955 4128 pay.
970 4071 1021 4120 298
1032 4080 1102 4116 nens.
1117 4069 1149 4116 ii
1167 4065 1179 4130 ΙΙ
1198 4069 1229 4116 ti
1244 4067 1346 4117 tantum

261 4132 396 4185 antecedi
410 4133 509 4184 moini
523 4133 661 4192 Goerntnn,
676 4146 731 4186 cm..
743 4134 771 4194 G,
786 4135 854 4198 conf.
872 4132 903 4184 (3ι
911 4145 973 4198 pap.
985 4139 1037 4186 508
1049 4149 1120 4187 nors.
1137 4134 1236 4198 461130
1250 4135 1344 4202 potest]

261 4201 330 4264 conf.
353 4201 385 4253 C·
400 4215 463 4266 pop.
477 4207 528 4256 285
546 4216 616 4253 nere.
631 4208 674 4256 ii.
