2908 4764
272 376 463 443 1ttee-itt
667 409 753 422 .....
797 373 838 439 34
882 409 968 421 .-

190 567 250 630 137
274 566 463 646 habeantur,
489 565 627 646 quaein
650 565 714 627 uiri
736 560 843 649 malnu
865 572 950 627 sant.

591 821 892 908 l-—ooanct'pctioue
913 821 1065 884 desinunt
1095 825 1128 886 in
1157 842 1254 886 manu
1278 843 1360 903 esse,

277 921 308 974 et
338 912 365 973 si
396 929 436 973 ex
466 929 503 972 ea
533 909 764 990 mancipatione
786 908 997 971 manumissac
1026 909 1164 990 luerint,
1202 911 1253 972 sui
1284 910 1394 972 iuriss

188 998 264 1061 ⁴37⁸
279 993 479 1081 alliciantur.
887 1013 970 1074 quae
1360 993 1364 1080 1

988 1101 1098 1163 cogere
1114 1079 1366 1166 coempltlonato-

277 1190 344 1232 rem
356 1177 464 1251 potest,
479 1177 515 1232 ut
528 1186 562 1231 se
576 1168 778 1249 remancipet,
795 1169 846 1228 cui
858 1167 928 1248 ipsa
940 1164 1029 1252 uellit

278 1257 375 1318 nihilo
405 1257 507 1336 magis
531 1263 636 1336 potest
664 1273 787 1334 cogere,
806 1250 819 1336 11
835 1271 932 1332 quam
966 1263 998 1316 et
1033 1254 1099 1316 filia
1127 1263 1262 1335 patrem.
1311 1255 1445 1330 sedpagtt

279 1343 344 1404 filia
375 1341 506 1421 quidem
534 1341 623 1404 uullo
652 1340 745 1402 modo
778 1348 902 1420 patrem
935 1348 1039 1420 potest
1071 1359 1201 1420 cogere,
1243 1341 1368 1403 etiamsi
1385 1353 1410 1398 to

280 1427 431 1509 adoptiua
453 1429 511 1506 sit;
545 1427 623 1488 haec
652 1436 758 1489 autem
782 1419 918 1514 (airam)
942 1425 1077 1507 repudio
1107 1428 1203 1488 misso
1233 1428 1368 1508 proinde

280 1514 462 1595 conpellere
483 1522 597 1595 potest,
623 1522 719 1593 atque
743 1513 770 1574 si
794 1513 824 1575 ci
846 1531 1021 1592 numquam
1042 1521 1143 1593 nupta
1165 1513 1292 1576 luisset.

197 1603 258 1664 138
368 1601 395 1661 fi
424 1601 481 1680 qui
511 1601 544 1661 in
573 1618 668 1662 causa
695 1599 846 1680 mancipii
874 1607 965 1678 sunt,
1001 1597 1078 1678 quia
1106 1617 1274 1661 seruorum
1302 1601 1369 1662 loco

281 1686 448 1766 habentur,
473 1684 628 1765 uindicta,
656 1705 765 1765 censu,
794 1693 983 1748 testamento
1005 1686 1192 1748 manumissi
1214 1686 1266 1748 sui
1290 1687 1371 1748 iuris

197 1777 257 1837 l39
282 1774 376 1837 fiunt.
415 1775 480 1835 Nec
500 1781 607 1834 tamen
624 1772 657 1832 iu
673 1772 732 1833 hoc
746 1790 822 1835 casu
837 1771 891 1832 lex
904 1769 996 1833 Aelia
1011 1771 1119 1834 Sentio
1133 1772 1237 1833 locum
1259 1772 1367 1834 habet.
1388 1787 1415 1831 ts

283 1863 390 1940 itaque
414 1859 493 1920 nihil
516 1858 720 1938 requirimus,
748 1857 840 1920 cuius
862 1858 975 1919 aetatis
997 1859 1039 1919 sit
1059 1858 1086 1920 is
1103 1858 1160 1938 qui
1174 1859 1372 1920 manumittit

284 1957 316 2008 et
338 1947 395 2026 qui
416 1944 668 2022 manumittitur,
694 1963 731 2006 ac
746 1964 786 2005 ne
801 1944 882 2016 illud
897 1942 1037 2024 quidem,
1061 1963 1101 2005 an
1116 1952 1286 2025 patronum
1302 1964 1373 2006 cre-

284 2031 462 2094 ditoremue
485 2031 698 2092 manumissor
720 2029 846 2093 habeat.
879 2049 915 2092 ac
930 2049 971 2091 ne
989 2047 1143 2092 numerus
1159 2029 1291 2110 quidem
1307 2030 1373 2109 lege

153 2185 155 2190 ,
200 2121 259 2182 llo
284 2118 370 2180 Fufia
394 2116 524 2178 Caminia
546 2115 655 2178 finitus
678 2116 712 2176 in
741 2117 792 2178 his
820 2116 967 2198 personis
998 2117 1103 2178 locum
1132 2116 1240 2179 habet.
1288 2117 1373 2190 Quin

286 2205 382 2267 etiam
404 2204 507 2264 inuito
527 2221 653 2282 quoque
669 2222 706 2264 eo
721 2204 813 2265 cuius
828 2203 862 2264 in
878 2203 1036 2283 mancipio
1052 2211 1138 2282 sunt,
1157 2221 1256 2264 censu
1272 2203 1373 2264 liber·
1390 2217 1416 2262 ao

286 2299 384 2354 tatem
412 2289 563 2370 consequi
593 2297 742 2369 possunt,
777 2299 909 2370 excepto
940 2308 976 2350 eo
1005 2308 1101 2369 quem
1123 2297 1275 2370 patarea
1303 2289 1373 2369 lege

287 2375 444 2458 mancipio
467 2374 564 2453 dedit,
591 2384 628 2438 ut
649 2375 713 2438 sibi
742 2376 997 2456 remancipetur;
1028 2394 1108 2453 ,uam
1142 2374 1374 2456 quodammodo

287 2473 362 2526 tanc
398 2472 491 2545 pater
525 2470 715 2543 potestatem
751 2463 913 2543 propriam
946 2479 1113 2523 reseruare
1146 2460 1204 2522 sibi
1243 2460 1375 2523 uidetur

289 2571 325 2613 eo
355 2551 439 2632 ipso,
474 2549 559 2630 quod
581 2551 739 2630 mancipio
768 2548 894 2628 recipit.
934 2566 971 2609 ac
992 2567 1034 2609 ne
1068 2548 1095 2608 is
1129 2547 1259 2628 quidem
1295 2547 1376 2609 dici-

289 2647 342 2699 tur
373 2637 475 2698 inuito
513 2655 549 2697 eo
584 2635 677 2698 cuius
709 2636 743 2696 in
769 2631 926 2714 mancipio
961 2642 1026 2714 est,
1063 2652 1161 2695 censu
1193 2633 1376 2696 libertatem
1392 2648 1420 2694 aa

290 2723 453 2802 consequi,
468 2741 564 2802 quem
575 2731 667 2802 pater
678 2741 719 2783 ex
729 2722 835 2782 noxali
848 2739 944 2782 causa
960 2719 1127 2800 [mancipio
1140 2719 1252 2800 deditl,
1272 2721 1376 2782 ueluti

291 2807 378 2889 quod
400 2807 479 2869 furti
501 2809 571 2869 eius
592 2809 719 2869 nomine
743 2806 911 2868 damnatus
941 2814 1000 2883 cst,
1043 2805 1193 2887 [etcum]
1218 2806 1376 2887 mancipio

207 2897 260 2958 til
291 2895 388 2956 actori
411 2891 515 2971 dedit;
542 2911 615 2954 nam
638 2893 724 2954 hunc
738 2902 824 2954 actor
839 2911 897 2973 pro
912 2892 1050 2973 pecunia
1065 2891 1171 2955 habet.
1199 2893 1236 2953 In
1252 2910 1376 2954 summa

292 2977 483 3041 admonendi
507 2997 618 3039 sumus
641 2977 798 3040 aduersus
814 2997 868 3040 eos
891 2997 971 3058 quos
987 2980 1019 3039 in
1035 2979 1193 3058 mancipio
1208 2977 1374 3056 habemus,

1341 3105 1377 3122 W

364 3171 373 3215 l
397 3166 549 3217 habeantur
569 3165 707 3225 Goescltea,
728 3165 860 3216 habeatur
880 3167 900 3216 C
919 3167 930 3230 11
952 3169 1018 3215 4-1
1038 3180 1136 3227 coram,
1156 3181 1222 3229 qaae
1237 3172 1297 3230 post
1314 3170 1380 3218 sunt

293 3237 427 3296 ecctoooot,
447 3237 510 3286 daca
529 3249 564 3284 ea
578 3239 657 3296 parte
674 3235 803 3285 Hasctla’o
820 3237 887 3286 tono
903 3236 959 3298 fera
976 3239 1129 3286 seutentiam
1151 3237 1232 3300 saissa
1255 3239 1381 3298 opinator

294 3307 430 3369 Kraeper:
449 3305 479 3354 ln
498 3317 581 3355 manu
598 3307 689 3354 autam
706 3317 766 3354 esse
779 3304 908 3354 mulieres
920 3305 1049 3356 desinunt
1061 3305 1148 3356 isdem
1161 3305 1259 3366 modis,
1279 3305 1381 3369 quibus

295 3374 365 3424 filiae
384 3373 501 3425 familias
517 3376 653 3439 potestate
677 3375 762 3438 patris
785 3372 948 3434 liberantur3
975 3375 1046 3424 sicut
1069 3375 1152 3438 igitur
1175 3373 1246 3424 iiliaa
1264 3372 1380 3424 familias

293 3457 348 3494 una
366 3443 566 3509 mancipatione
589 3442 623 3493 de
645 3444 777 3507 potestate
794 3444 879 3506 patris
897 3446 1012 3505 exeunt,
1036 3442 1075 3492 ita
1093 3456 1139 3493 eae
1162 3443 1278 3507 quaein
1297 3455 1382 3494 manu

294 3515 372 3576 sunt,
398 3526 454 3562 una
482 3513 686 3577 mancipatione
710 3511 859 3563 desinunt
875 3511 911 3562 in
928 3523 1024 3562 manu
1042 3525 1111 3563 essa
1130 3515 1181 3563 etc.
1207 3511 1218 3574 1
1241 3517 1256 3562 5
1281 3525 1381 3562 mauu-

294 3583 394 3632 missae
406 3582 531 3642 Huschke,
552 3582 720 3632 manumissa
737 3581 780 3641 0¹¹,
796 3581 863 3644 coos.
881 3581 913 3632 0⁸
925 3595 989 3645 pop·
1003 3583 1054 3635 279
1066 3594 1136 3631 aare.
1153 3586 1184 3631 to
1203 3581 1214 3644 11
1233 3585 1300 3630 6-9
1314 3582 1383 3631 hanc

295 3651 350 3714 fere
368 3653 522 3701 sententiam
540 3653 700 3713 cmpressisse
716 3651 822 3700 uidetur
842 3650 937 3700 Gaius:
963 3652 1114 3702 inteream
1131 3663 1198 3700 uero
1217 3663 1298 3710 quae
1317 3663 1382 3700 cum

296 3722 436 3780 extraneo,
457 3723 484 3770 et
501 3733 560 3770 eam
579 3732 649 3784 quae
668 3733 731 3770 cum
749 3721 812 3769 uiro
830 3731 880 3770 suo
893 3720 1093 3783 coemptionem
1106 3718 1211 3779 iecerit,
1230 3719 1285 3770 hoc
1297 3721 1384 3770 iuter-

296 3793 346 3848 est,
367 3788 441 3853 quod
460 3789 505 3838 illa
523 3789 631 3852 quidem
646 3801 756 3851 cogere
769 3791 1059 3850 coemptionatoram
1070 3790 1165 3853 potest,
1184 3793 1219 3838 ut
1230 3802 1258 3838 se
1268 3802 1383 3840 reman-

296 3859 389 3924 cipet,
407 3857 460 3908 cui
476 3858 547 3918 ipsa
564 3857 653 3918 uelit,
671 3860 739 3909 tace
756 3861 847 3908 autem
864 3858 956 3907 uirum
974 3869 1054 3906 suam
1070 3857 1166 3907 nihilo
1183 3858 1284 3920 magia
1302 3861 1357 3908 etc.
1375 3853 1385 3921 11

298 3931 312 3977 9
332 3927 418 3976 nihilo
439 3926 577 3985 Goesctoo,
597 3926 665 3976 nihil
686 3926 730 3986 0¹¹,
750 3927 817 3989 coos.
841 3927 874 3978 6²
888 3939 951 3989 poa.
965 3930 1015 3978 284
1038 3925 1049 3988 11
1073 3930 1103 3974 lt
1123 3939 1220 3990 cogere
1241 3927 1382 3985 Goasehea,

298 4009 395 4062 gogere
411 3995 431 4046 C
448 3995 459 4058 11
478 3998 505 4043 tt
528 3995 620 4045 uirum
639 4000 699 4045 cote
715 3996 830 4059 proinde
843 3997 915 4045 addit
930 3994 1060 4044 Goesolteo
1077 3996 1088 4059 11
1107 3997 1137 4044 ll
1157 3995 1274 4058 οοη1.0ι
1292 3995 1304 4059 11
1322 4009 1384 4045 ma-

297 4066 399 4117 numisi
420 4064 464 4124 (3¹¹,
484 4065 551 4126 coos.
575 4064 608 4115 θ’
622 4077 684 4128 paq.
697 4066 746 4117 279
765 4063 776 4127 11
795 4068 826 4113 ta
845 4064 904 4128 lege
923 4062 995 4113 Fufia
1013 4063 1125 4114 Caninia
1144 4065 1297 4126 Monaesen,
1317 4064 1385 4127 legis

298 4135 346 4188 iul.
367 4148 427 4186 can.
445 4133 479 4184 0⁰
491 4133 570 4196 (conf.
588 4132 620 4183 θ’
635 4146 696 4196 pop.
709 4135 759 4184 275
772 4136 854 4195 seqq.)
872 4129 883 4200 11
899 4135 931 4182 at
951 4132 1025 4196 quod
1040 4133 1178 4192 Goesolteo,
1199 4147 1253 4196 quo
1269 4133 1296 4194 C,
1317 4133 1386 4196 conf.

302 4204 334 4255 0⁸
349 4218 412 4268 pop.
427 4209 477 4257 295
496 4202 507 4266 11
527 4207 558 4252 26
578 4207 601 4253 et
620 4205 650 4250 at
670 4203 752 4253 aerbo
769 4205 843 4252 cocis
860 4203 961 4252 inclusa
979 4203 1080 4264 expolit
1098 4203 1248 4256 Moramseo.
