2966 4758
533 367 619 382 ....
664 337 724 400 401
770 369 856 382 --
1021 336 1240 403 144140-404

153 521 345 586 eontrarium
369 521 534 585 iudicium.
567 543 640 585 nom
663 523 839 587 ealumniae
862 523 981 588 iudioio
1004 525 1146 592 decimae
1165 547 1240 609 par·-

153 611 196 671 tis
224 628 317 670 nemo
346 607 517 670 damnatur
538 610 601 672 nisi
624 610 680 690 qui
702 610 858 692 intellegit
880 630 943 675 non
965 621 1051 674 40040
1075 632 1110 676 00
1132 633 1236 696 agore,

154 694 211 758 sed
232 693 372 757 uexandi
394 694 570 758 aduersarii
593 697 694 777 gratia
715 698 872 760 actionem
894 698 1042 777 instituit,
1068 701 1239 782 potiusque

155 801 195 843 ex
223 780 339 843 iudicis
365 800 471 843 errore
494 782 547 843 uel
569 783 925 863 iniquitateuiotoriam
949 793 1058 863 sperat
1079 787 1175 866 quam
1200 806 1240 850 014

153 885 249 930 eausa
270 867 433 944 ueritatis;
469 868 626 930 calumnia
647 869 790 932 enimin
812 868 939 932 adieotu
961 878 1025 950 est,
1057 871 1139 947 siout
1162 871 1239 936 inrti
1257 889 1271 934 0

153 955 285 1016 crimen.
318 953 473 1016 contrario
495 973 571 1016 uero
593 954 713 1017 iudicio
735 957 821 1018 omni
843 955 935 1019 modo
955 955 1123 1019 damnatur
1139 967 1235 1039 aetor,

153 1042 180 1102 si
205 1059 331 1103 oausam
353 1057 417 1102 non
439 1042 589 1122 tenuerit,
615 1041 690 1102 lieet
712 1041 814 1123 aliqua
836 1042 984 1123 opinione
1003 1042 1152 1106 inductus
1168 1063 1239 1108 ore·

1 1123 2 1126 ’
68 1125 127 1188 479
153 1125 271 1188 diderit
292 1144 326 1187 se
349 1135 433 1188 40040
456 1145 563 1208 agere.
602 1129 717 1208 Vtique
733 1136 839 1192 autem
854 1147 895 1190 011
910 1127 1028 1210 quibus
1043 1133 1148 1194 oausis
1163 1151 1239 1194 oon-

152 1214 248 1275 trario
277 1211 394 1278 iudioio
416 1215 470 1293 agi
490 1222 609 1293 potest,
644 1215 739 1276 etiam
762 1215 937 1284 calumniae
961 1214 1115 1279 iudicium
1136 1217 1238 1281 400001

152 1299 263 1376 habot;
290 1297 348 1361 sed
370 1300 521 1362 alterutro
544 1307 665 1362 4004040
687 1298 805 1362 iudieio
823 1320 917 1382 agere
933 1302 1140 1382 permittitur.
1175 1323 1239 1384 qua
1259 1319 1289 1364 40

153 1386 273 1446 4044000
297 1384 324 1446 si
347 1385 568 1448 iusiurandum
591 1384 631 1448 de
654 1387 814 1450 calumnia
829 1396 975 1451 ereetum
990 1387 1100 1468 fuerit,
1126 1409 1239 1470 quem-

152 1469 323 1534 admodum
346 1472 523 1534 oalumniae
547 1472 701 1535 indicium
723 1491 786 1536 non
806 1471 909 1554 datur,
935 1473 981 1536 ita
998 1483 1030 1538 et
1045 1477 1239 1538 eontrarium

1 1560 2 1563 ’
67 1558 126 1618 480
152 1557 226 1618 dori
252 1576 313 1618 000
342 1556 450 1620 dehet.
495 1559 758 1639 Restipuletionis
785 1579 913 1640 quoque
943 1579 1046 1640 poena
1076 1579 1117 1622 ex
1145 1562 1240 1624 oertis

152 1644 256 1705 tausis
279 1642 349 1706 fieri
372 1645 469 1722 solet;
497 1653 528 1706 et
551 1644 820 1725 quemadmodum
842 1647 997 1708 contrario
1021 1645 1138 1710 iudicio
1153 1647 1239 1710 omni

153 1728 245 1792 modo
268 1729 496 1792 condemnatur
519 1740 614 1810 aotor,
640 1732 668 1792 si
691 1751 817 1794 oausam
840 1751 903 1794 non
925 1733 1075 1813 tennerit,
1105 1752 1166 1796 neo
1188 1751 1239 1796 re·
1259 1749 1289 1796 40

152 1816 293 1896 quiritur
315 1834 355 1878 an
377 1815 485 1878 seierit
507 1836 570 1879 non
593 1826 678 1880 40040
701 1837 735 1880 00
758 1837 863 1899 agere,
890 1817 933 1881 ita
956 1817 1051 1880 etiam
1065 1821 1239 1900 restipula-

152 1903 248 1964 tionis
269 1921 371 1982 poena
393 1904 478 1964 omni
498 1900 511 1987 44
531 1903 622 1966 modo
646 1902 814 1966 damnatur
835 1913 938 1985 00404,
971 1907 999 1966 si
1021 1907 1152 1968 uinoere
1175 1922 1341 1983 nonpgaao

1 2013 2 2020 ¹
67 1990 122 2050 484
151 1989 302 2069 potuerit.
361 1988 422 2060 Qui
450 1999 557 2052 autem
587 1991 840 2072 restipulationis
871 2010 1007 2072 poenam
1035 1993 1171 2072 patitur,
1208 1993 1238 2054 04

151 2093 258 2154 neque
288 2074 464 2138 0040100400
494 2074 649 2138 iudioium
677 2078 860 2157 opponitur,
895 2095 1000 2158 noque
1030 2077 1238 2140 iurisiurandi

152 2161 265 2241 religio
287 2160 478 2242 iniungitur3
508 2181 583 2224 nom
605 2163 797 2225 eontrarium
820 2161 974 2225 iudicium
997 2183 1038 2226 ex
1060 2164 1111 2226 his
1133 2166 1237 2228 eausis
1256 2179 1288 2226 40

152 2247 256 2308 400010
279 2265 341 2308 000
364 2246 482 2310 habere
505 2249 610 2329 palam
633 2258 693 2310 est.

1 2325 3 2382 ἶ
67 2333 127 2396 482
239 2331 437 2406 Quibusdam
467 2334 595 2398 iudioiis
618 2333 757 2397 damnati
780 2335 982 2414 ignominiosi
1004 2335 1104 2414 fiunt,
1136 2337 1238 2400 ueluti

83 2437 86 2445 ⁴
152 2419 248 2498 furti,
279 2421 313 2480 ui
336 2418 490 2484 bonorum
512 2430 693 2502 raptorum,
720 2421 928 2499 4040004040,
962 2421 1038 2483 44001
1060 2440 1118 2502 pro
1141 2423 1235 2502 sooio,

93 2499 96 2506 '
152 2504 305 2583 fiduciae,
332 2507 462 2587 tutelae,
487 2506 639 2587 mandati,
667 2506 813 2588 depositi.
853 2506 911 2570 sed
932 2506 1010 2568 furti
1033 2515 1089 2569 aut
1109 2508 1144 2570 ui
1169 2505 1237 2592 (bo-

151 2589 277 2676 norum)
307 2602 469 2674 raptorum
498 2602 553 2656 aut
583 2593 774 2656 iniuriarum
804 2591 1287 2657 00000101014001004400-40

150 2687 259 2747 tantur
286 2679 475 2760 ignominia,
508 2679 566 2742 sed
589 2679 685 2742 etiam
706 2679 807 2760 paeti,
839 2687 875 2741 ut
897 2679 931 2741 in
954 2678 1057 2741 edioto
1079 2682 1236 2761 praetoris

149 2764 304 2844 seriptum
327 2773 392 2842 est;
423 2775 455 2828 04
477 2775 579 2828 reete:
606 2766 779 2846 plurimum
802 2766 888 2826 enim
903 2767 1046 2846 interest,
1071 2774 1180 2828 utrum
1196 2785 1237 2828 ex

150 2850 263 2912 deiieto
286 2850 403 2930 aliquis
426 2869 467 2914 an
490 2871 531 2914 ex
548 2861 712 2914 eontraetu
735 2849 856 2914 debitor
877 2851 929 2914 sit.
969 2870 1024 2914 neo
1047 2859 1150 2914 400100
1169 2852 1236 2915 0440

149 2947 240 3016 parte
257 2935 353 2998 edioti
368 2937 401 3000 id
417 2938 521 3018 ipsum
536 2938 723 3001 nominatim
739 2937 937 3020 exprimitur,
963 2946 1000 3000 ut
1014 2937 1131 3019 aliquis
1146 2939 1237 3019 igno-

218 3098 231 3164 0
246 3103 295 3150 444
313 3111 400 3164 usque
418 3099 453 3150 ad
471 3104 503 3150 48
522 3099 628 3153 attieno
646 3123 678 3146 =
697 3104 803 3167 insti,
819 3106 901 3165 40,4.

221 3251 230 3295 4
253 3259 317 3297 0001
338 3247 476 3308 00000400,
500 3261 554 3299 000
576 3249 604 3312 0,
624 3249 692 3312 eoos.
715 3249 747 3300 04
761 3253 886 3314 popm
904 3261 975 3300 0040,
989 3251 1024 3302 20
1035 3247 1050 3310 ἸΙ
1071 3251 1135 3296 4-4
1153 3249 1236 3298 uerba

149 3314 272 3366 decimae
290 3317 375 3381 partis
394 3317 460 3368 140404
477 3317 595 3369 Horatiae
614 3319 625 3382 ΙΙ
644 3322 658 3367 4
677 3318 825 3370 damnatur
845 3317 988 3378 00000404,
1008 3316 1154 3367 damnetur
1174 3315 1209 3367 Cn
1226 3313 1236 3383 44

151 3385 229 3434 4001
247 3385 389 3450 iniquitate
411 3385 549 3450 00000400,
569 3386 872 3453 0044440400440400115
892 3385 1001 3437 adiectu
1021 3385 1165 3446 00000400,
1185 3385 1236 3436 ad-

149 3451 250 3504 iectum
267 3451 312 3520 011
330 3457 343 3502 7
364 3453 455 3519 aliqua
470 3455 600 3506 00000400
620 3457 710 3520 (olim),
731 3457 785 3508 0440
804 3455 823 3507 0
841 3455 917 3519 (eous.
934 3455 976 3507 04·
994 3459 1019 3505 04
1036 3454 1104 3516 eoos.
1122 3454 1155 3506 04
1168 3467 1233 3518 pop.

149 3522 359 3587 2804104040),
380 3522 448 3574 ielsa
470 3523 600 3576 00000400
618 3527 728 3588 (posteo)
751 3522 761 3592 ΙΙ
784 3529 799 3575 e
824 3525 867 3589 agi
889 3525 1054 3587 Loetmoou,
1077 3535 1158 3588 egere
1184 3522 1204 3574 0
1226 3521 1236 3590 ΙΙ

151 3611 306 3659 44400411ιο
327 3609 471 3672 00000400,
495 3614 544 3660 tm·
567 3609 609 3671 04,
630 3611 697 3674 eoos.
721 3609 753 3662 04
767 3623 831 3674 000.
844 3613 895 3662 008
913 3623 984 3662 0040.
997 3615 1032 3664 40
1049 3609 1060 3672 11
1080 3612 1107 3658 tt
1130 3607 1235 3659 004001-

150 3677 194 3728 040
208 3677 346 3741 00000400,
362 3679 516 3731 calumniae
532 3679 551 3730 0
567 3679 579 3742 u
598 3683 629 3729 40
650 3679 776 3730 14044000
792 3679 930 3740 00000400,
952 3692 1005 3730 000
1019 3677 1079 3729 deri
1095 3678 1114 3729 0
1131 3677 1142 3742 41
1162 3681 1235 3726 44-

150 3747 239 3810 444,8
264 3747 332 3810 ooof.
356 3747 398 3799 04·
415 3747 427 3811 ΙΙ
446 3753 477 3799 40
501 3750 652 3812 iniungitur
670 3749 794 3812 8004040,
821 3749 972 3812 niiungitur
998 3745 1141 3811 04410001
1168 3746 1235 3798 Goe-

149 3816 236 3876 00400,
256 3815 370 3876 00004,
392 3817 458 3880 ooof.
476 3819 508 3870 04
525 3831 585 3882 000.
598 3823 649 3874 480
667 3831 739 3868 0040.
753 3821 786 3871 44
805 3816 816 3881 ΙΙ
836 3819 867 3866 44
886 3815 1051 3880 quibusdam
1073 3814 1100 3879 0,
1121 3829 1155 3866 ex
1172 3815 1235 3878 qui·

148 3883 268 3935 busdam
281 3885 344 3936 4004,
363 3885 375 3948 14
392 3887 423 3934 44
442 3885 506 3937 furti
522 3888 550 3952 0,
570 3886 635 3938 40444
654 3887 766 3951 quidem
780 3886 842 3936 4004.
860 3885 871 3948 11
889 3888 989 3935 44-45
1008 3885 1143 3936 bonorum
1157 3885 1232 3946 4404,

150 3965 199 4003 om.
223 3953 251 4014 0,
272 3953 338 4016 coos.
359 3953 391 4004 04
405 3967 469 4020 pop.
482 3959 532 4007 044
551 3969 621 4006 0040.
638 3963 651 4006 t
669 3955 680 4020 ΙΙ
702 3957 734 4004 44
752 3955 824 4020 paoti
842 3953 881 4018 ut]
899 3956 973 4019 pacti
990 3955 1012 4004 it
1030 3957 1077 4004 004
1092 3953 1185 4020 000404
1205 3951 1232 4012 0,

148 4023 223 4087 peoti
241 4025 293 4073 040.
310 4023 370 4074 inst.
388 4023 399 4086 ΙΙ
418 4027 449 4075 48
468 4038 520 4076 000
537 4028 628 4076 400100
646 4025 775 4088 40400004,
795 4023 862 4086 eoas.
880 4023 1027 4086 zeitschrift
1044 4024 1091 4072 der
1103 4022 1234 4086 8004000·

151 4090 265 4156 suttorp
283 4092 355 4142 Rom.
376 4093 449 4145 14044.
465 4094 493 4143 11
504 4109 532 4157 p.
548 4100 581 4144 00
593 4107 656 4157 000,
676 4105 740 4144 0040
758 4093 801 4143 uel
819 4093 876 4142 nim
898 4091 936 4144 04
959 4091 1037 4155 (conf.
1060 4089 1233 4154 01000000

149 4173 218 4212 0040.
232 4167 265 4212 04
285 4165 310 4212 ot
325 4174 388 4225 paq.
401 4167 453 4212 008
471 4176 541 4216 0040.
558 4164 594 4224 0).
