2908 4764
677 375 952 418 ...x-...-

223 551 248 610 ll
271 547 343 631 §al
368 556 428 609 etc.
451 557 511 610 etc
523 545 558 628 8).
597 549 700 608 Potest
722 565 796 608 sane
820 546 890 608 fieri
912 554 948 608 ut
970 547 1179 626 pluraquam
1202 547 1235 608 in
1259 547 1318 610 hac
1342 548 1406 611 edi-

223 637 309 697 tione
339 634 527 696 seclusimus
556 633 778 714 glossemata
769 652 802 694 ιιι
826 630 907 694 libro
933 632 1090 711 Ginsint,
1123 651 1184 695 nec
1212 651 1292 696 uero
1320 635 1405 698 nefas

223 720 404 784 ducendum
427 729 476 782 est
497 721 531 780 in
553 729 641 782 tanta
662 720 757 780 huius
780 718 976 798 quaestionis
1004 717 1190 781 difficultate
1221 739 1239 781 a
1262 729 1406 802 suscepta

222 807 322 870 semel
344 807 548 887 persuasione
572 803 754 882 discedere;
781 823 840 866 nec
862 813 968 866 tamen
983 805 1082 866 multo
1097 805 1311 886 pluraquam,
1339 827 1406 869 cum

222 893 402 956 cautissime
425 893 458 954 iu
481 893 538 954 hac
559 893 744 972 quaestione
767 909 952 972 ageremus,
986 892 1128 991 nosipsi
1151 890 1342 970 deleuimus,
1370 913 1406 954 ex

222 980 419 1060 glossematis
442 987 509 1040 orta
532 997 601 1040 esse
625 985 737 1039 certo
759 976 1038 1039 demonstratum
1029 978 1068 1038 iri
1090 976 1296 1055 confidimus;
1325 988 1405 1042 certe

221 1065 350 1128 modum
373 1065 510 1126 excessit
524 1065 685 1143 Polenaar,
711 1083 782 1125 cnm
804 1064 862 1124 hac
886 1061 1077 1125 emendandi
1100 1063 1218 1126 ratione
1242 1065 1287 1126 ita
1301 1073 1445 1134 uteret

221 1162 284 1232 tur,
309 1160 346 1213 ιιι
369 1151 556 1232 glossemata
578 1151 751 1212 sescenties
774 1151 818 1210 lat
805 1157 872 1210 tere
896 1150 1122 1228 suspicaretur.

308 1239 439 1318 Propter
460 1237 732 1298 homoeoteleuton
755 1235 854 1297 multa
877 1235 1026 1298 orationis
1041 1245 1193 1298 commata
1210 1237 1243 1296 in
1260 1234 1371 1298 codice
1388 1237 1445 1297 ι

223 1322 424 1386 intercidisse
455 1331 485 1384 et
509 1323 618 1384 Collat
595 1331 638 1384 ιιο
670 1333 764 1402 atque
787 1321 954 1384 Iustiniani
976 1322 1104 1402 Digesta
1126 1324 1218 1384 Instit
1205 1323 1445 1423 tutionesque5

221 1410 394 1472 doceutt
363 1417 394 1470 ct
417 1407 539 1471 dudum
569 1409 766 1470 intellectum
796 1407 890 1488 esti).
938 1408 1047 1470 Sicubi
1077 1409 1110 1469 hi
1139 1407 1205 1470 iont
1192 1417 1241 1470 tes
1268 1409 1302 1470 in
1334 1410 1445 1470 locis

221 1505 353 1577 propter
386 1495 616 1557 homoeoteleut
604 1504 657 1557 otu
692 1495 726 1555 in
758 1494 782 1555 Ο
808 1501 877 1556 mut
864 1493 962 1556 tilatis
996 1513 1053 1555 nos
1086 1493 1255 1573 deficiunt,
1292 1489 1445 1574 partim3

1443 743 1445 774 t

220 1593 332 1644 uetera
347 1581 482 1644 aliorum
496 1583 640 1643 uirorum
661 1579 825 1646 doctorum
840 1580 957 1660 partim
972 1598 1054 1642 noua
1069 1579 1283 1642 additamenta
1299 1601 1408 1642 exem·
1443 1575 1445 1662 3

222 1669 266 1750 pli
289 1669 390 1749 gratia
412 1668 572 1748 proposita
595 1668 629 1727 in
652 1674 835 1729 contextum
858 1664 989 1766 quidem
1012 1665 1183 1728 uerborum
1213 1668 1404 1747 recepimus,
1443 1669 1445 1760 3

221 1753 279 1816 sed
301 1762 445 1817 nostrum
468 1753 548 1815 illud
571 1752 722 1814 sollemne
746 1754 966 1830 seruauimus,
991 1760 1089 1814 utne
1113 1771 1208 1832 quam
1230 1755 1445 1855 graniqrem

219 1840 295 1903 libri
320 1839 468 1902 clauom
490 1840 559 1900 sine
582 1837 783 1900 adnotatione
806 1837 898 1899 dimit
885 1799 1055 1901 tterdmus:
1088 1839 1192 1900 omnia
1224 1857 1306 1918 quae
1331 1841 1366 1900 in
1389 1841 1445 1926 ι

221 1929 265 1989 ita
288 1925 476 2002 desuntt
439 1933 476 1986 ut
498 1943 537 1986 ne
561 1925 691 1986 lacunae
715 1923 845 2005 quidem
868 1925 994 2004 signum
1015 1924 1149 1986 ullum
1140 1944 1173 1986 ιιι
1199 1925 1223 1985 G
1248 1934 1354 2004 extet,
1380 1897 1445 2016 et3

220 2013 270 2073 his
292 2011 419 2073 uncinis
443 2008 487 2094 <>
511 2011 688 2108 saepsimus
716 2008 806 2090 (coni
833 2029 861 2071 e.
881 2029 912 2090 g.
937 2008 1068 2092 l§l27
1090 2010 1216 2091 aliaque
1245 2009 1278 2072 id
1309 2007 1445 2110 genus3

221 2097 287 2159 iere
311 2096 567 2178 innumerabilia)
591 2107 622 2158 et
644 2097 802 2159 ιιιιοιιιοιιι
825 2096 876 2158 litt
850 2097 941 2158 tteris
970 2095 1181 2177 exprimenda
1210 2099 1405 2161 curauimus

305 2184 354 2245 Ex
376 2183 531 2282 hisquae
554 2181 695 2245 diximus
718 2191 866 2263 apparet,
900 2201 995 2262 quam
1028 2201 1123 2263 saepe
1153 2183 1187 2244 in
1210 2183 1445 2246 emendando

220 2269 295 2332 Gaio
318 2267 359 2330 ad
382 2270 577 2330 coniecturas
599 2268 823 2350 refugiendum
850 2270 901 2331 sit.
948 2269 1027 2330 Cum
1049 2288 1126 2332 uero
1149 2288 1190 2332 cx
1213 2271 1260 2331 eis
1283 2273 1445 2333 coniec-

219 2356 310 2434 turis,
339 2374 420 2435 quae
442 2364 514 2436 post
536 2355 753 2418 Goeschenum
776 2376 794 2418 a
816 2355 897 2418 uiris
920 2353 1020 2417 doctis
1043 2354 1084 2416 ad
1106 2353 1223 2417 codicis
1245 2356 1407 2418 Veronen-

221 2443 265 2504 sis
294 2442 511 2524 apographum
540 2442 813 2504 Goeschenianum
843 2441 1026 2503 aBluhmio
1057 2441 1176 2521 passim
1205 2441 1408 2504 emendatum

220 2531 360 2610 prolatae
384 2539 477 2607 sunt,
512 2546 632 2609 paucae
659 2547 740 2591 noua
770 2546 866 2607 quam
897 2530 965 2608 ipse
989 2528 1113 2589 institui
1135 2526 1249 2589 codicis
1273 2529 1406 2591 lectione
1443 2557 1445 2606 i

220 2615 433 2694 confirmatae,
459 2615 691 2695 multoplures
714 2615 822 2675 irritae
844 2613 943 2676 factae
966 2614 1040 2693 sint,
1067 2615 1101 2674 in
1122 2613 1180 2674 hac
1203 2613 1341 2677 editione
1358 2635 1408 2677 or·

220 2701 327 2764 nanda
357 2720 426 2762 eam
456 2701 522 2762 lere
551 2701 636 2763 uiam
667 2698 864 2780 sequendam
894 2717 963 2760 esse
994 2697 1088 2777 duxi,
1127 2717 1222 2779 quam
1252 2719 1324 2761 oum
1355 2703 1407 2763 alii
1444 2777 1445 2780 ,

220 2789 429 2867 praeiuerunt
453 2796 523 2848 tum
545 2787 675 2849 Carolus
697 2787 873 2847 Lachmann
904 2793 996 2846 caute
1025 2786 1141 2847 tenuit.
1195 2787 1304 2866 ltaque
1337 2807 1407 2849 oum
1444 2825 1445 2864 3

222 2873 296 2932 olim
326 2873 451 2950 syntaxi
483 2871 620 2933 Gaianae
651 2889 740 2933 suam
770 2871 978 2932 constantiam
1007 2870 1211 2952 perpolieudo
1242 2871 1408 2935 uindicare

220 2958 440 3036 instituissem,
466 2966 574 3038 postea
596 2959 629 3018 in
645 2965 796 3018 contextu
810 2955 980 3020 uerborum
1003 2958 1107 3019 omnia
1124 2977 1160 3020 ea
1176 2958 1293 3020 intacta
1309 2960 1409 3021 reliu-
1444 3009 1445 3012 ,

221 3062 320 3123 quere
343 3043 452 3124 malui,
479 3061 561 3124 quae
591 3043 697 3123 aliquo
726 3042 816 3105 modo
844 3041 919 3104 ierri
949 3062 1042 3124 posse
1070 3043 1275 3121 uiderentur;
1310 3045 1408 3108 oratio

222 3131 307 3191 enim
330 3148 522 3210 quamquam
547 3147 564 3190 a
587 3128 662 3191 Gaio
685 3128 856 3210 diligenter
877 3129 1009 3192 formata
1032 3138 1095 3208 est,
1121 3139 1313 3192 nontamen
1339 3151 1408 3193 eam

220 3214 478 3295 aequabilitatem
512 3215 663 3278 adsecuta
696 3223 760 3294 est,
803 3233 899 3295 quam
933 3215 1151 3278 seuerioribus
1185 3215 1408 3281 Ciceronianae

219 3303 331 3364 aetatis
354 3301 565 3382 scriptoribus
588 3303 756 3363 restituere
779 3301 827 3363 fas
850 3310 909 3364 est.
948 3299 1080 3364 Accedit
1095 3300 1180 3382 quod
1195 3302 1299 3364 adhuc
1314 3323 1408 3366 nemo

221 3389 398 3450 accuratius
420 3387 461 3450 de
484 3388 530 3450 eis
557 3389 706 3450 orationis
734 3387 859 3467 legibus
890 3389 1066 3468 quaesiuit,
1101 3407 1180 3468 quas
1211 3389 1243 3449 in
1273 3389 1408 3471 reliquis

290 3629 314 3690 8)
335 3627 472 3680 Facillime
490 3642 522 3680 ea
540 3628 703 3691 glossemata
727 3629 936 3694 deprehendunt
938 3643 978 3692 nr,
1004 3643 1073 3694 quaa
1098 3630 1199 3680 codicis
1225 3629 1244 3680 C
1268 3634 1409 3682 corrector

223 3695 310 3759 (nobis
331 3694 370 3760 02)
390 3700 492 3748 temere
510 3711 542 3748 ex
560 3710 609 3748 suo
628 3697 735 3761 ingenio
753 3698 866 3748 adiecit:
893 3713 925 3750 ea
948 3711 1001 3749 non
1020 3698 1103 3749 modo
1122 3711 1324 3764 superuacanea
1345 3704 1409 3751 sunt

221 3765 271 3828 (sio
290 3765 395 3816 indicas
413 3770 440 3818 et
457 3768 616 3830 argumenta
628 3768 881 3834 paragraphorum),
901 3767 949 3818 sed
967 3781 1000 3818 ex
1012 3771 1087 3832 parte
1098 3781 1148 3833 per
1159 3769 1311 3820 sententiae
1323 3772 1409 3820 ratio-

219 3847 281 3885 nem
301 3847 335 3885 ne
353 3833 417 3885 ierri
436 3835 547 3899 quidem
565 3838 688 3902 possunt

290 3904 314 3966 9)
333 3903 410 3964 Quod
429 3906 583 3956 Polenaar'
576 3918 604 3954 m
623 3904 799 3969 Mnemosyne
821 3906 896 3968 (nou.
914 3917 966 3956 ser.
984 3905 1039 3956 uol
1059 3905 1092 3954 lV
1110 3918 1171 3970 pag.
1187 3907 1234 3954 att
1254 3907 1374 3971 seqqt'
1367 3921 1410 3957 rn-

219 3973 328 4024 nenisse
346 3973 399 4023 sibi
417 3975 492 4025 uisus
517 3977 559 4025 est
580 3974 702 4038 singulos
725 3975 828 4025 codicis
852 3973 994 4037 archetypi
1017 3987 1114 4025 uersus
1140 3973 1195 4024 iere
1220 3975 1409 4027 undeuicenas

219 4041 322 4093 litteras
339 4042 495 4107 complexos
513 4055 588 4103 esse,
614 4043 642 4093 id
660 4041 760 4094 frustra
778 4045 815 4094 ita
833 4042 1019 4094 demonstrare
1038 4044 1152 4094 conatus
1171 4044 1225 4103 est,
1244 4046 1276 4093 ut
1293 4057 1410 4109 prorsus
1444 4095 1445 4098 ,

219 4110 426 4162 incredibilibus
444 4115 570 4164 notarum
589 4113 718 4163 monstris
736 4114 877 4163 exaratum
896 4109 979 4162 luisse
992 4111 1116 4164 codicem
1128 4111 1309 4176 archetypum
1329 4115 1411 4165 iden·
1443 4115 1445 4178 ξ

217 4180 301 4230 tidem
320 4183 458 4233 statueret.
