2908 4764
16 131 18 260 l

445 423 531 434 -.
576 391 614 452 61
660 423 746 434 ....
970 389 1024 458 888
1038 395 1138 442 88-88

16 515 18 578 l

60 587 142 658 sunt,
168 579 316 658 quoniam
340 579 501 640 meliorem
524 577 739 640 condicionem
756 597 845 640 suam
862 578 966 641 lacere
982 581 1028 642 eis
1044 581 1138 642 etiam

24 665 125 726 lisine
148 664 262 726 tutoris
284 665 469 726 auctoritate
496 683 679 726 concessum
709 674 767 726 est.
818 665 927 744 ltaque
956 667 983 728 si
1014 665 1140 728 debitor

16 779 18 818 ε
62 751 223 831 pecuniam
250 751 372 831 pupillo
402 751 519 830 soluat,
550 750 625 812 lacit
653 750 782 830 quidem
810 751 979 831 pecuniam
1009 753 1135 834 pupilli,

16 829 18 898 l
63 835 114 898 sed
135 837 205 917 ipse
228 855 292 898 non
314 835 477 915 liberatur,
511 838 586 916 quia
608 836 730 898 nullam
751 837 974 918 obligationem
996 839 1140 919 pupillus

16 919 17 936 ¹
63 923 126 984 sine
147 924 262 984 tutoris
283 923 469 984 auctoritate
491 921 666 984 dissoluere
688 931 808 1003 potest,
842 925 916 1003 quia
945 925 1065 986 nullius
1091 925 1139 986 rei
1157 939 1172 985 8

16 1059 17 1074 l
63 1009 204 1070 alienatio
227 1011 256 1070 ei
279 1009 348 1070 sine
372 1009 483 1071 tutoris
506 1009 689 1070 auctoritate
705 1027 853 1072 concessa
872 1018 937 1087 est;
963 1010 1019 1072 sed
1033 1021 1137 1073 tamen

16 1075 18 1230 ι
63 1095 86 1156 si
108 1113 149 1156 ex
172 1113 209 1156 ea
231 1095 368 1174 pecunia
391 1094 577 1175 locupletior
599 1094 701 1156 lactus
723 1095 765 1157 sit
787 1103 820 1156 et
838 1094 1054 1176 8888888888,
1079 1115 1139 1177 888

24 1179 48 1240 88
64 1181 278 1260 exceptionem
307 1179 371 1242 doli
402 1181 475 1241 mali
508 1180 703 1243 summoueri
736 1190 850 1262 potest.
910 1183 1034 1244 hlulieri
1062 1201 1139 1245 uero

16 1237 18 1306 Ι
62 1268 150 1328 etiam
173 1267 242 1328 sine
264 1267 378 1328 tutoris
400 1267 585 1329 auctoritate
608 1275 693 1329 recte
721 1267 803 1328 solui
832 1276 949 1348 potest;
981 1287 1055 1330 nam
1082 1269 1137 1348 qui

16 1359 18 1422 l
63 1353 167 1432 soluit,
200 1351 356 1416 liberatur
384 1351 590 1434 obligatione,
628 1353 704 1433 quia
733 1371 785 1415 res
815 1371 874 1416 neo
903 1355 1072 1434 mancipii,
1102 1365 1139 1416 ut
1157 1369 1189 1413 88

16 1423 18 1514 Ι
63 1440 199 1518 proxime
222 1436 382 1516 diximus,
414 1459 432 1501 a
455 1457 489 1500 se
512 1438 671 1501 dimittere
689 1439 841 1526 ,mulieres
865 1440 958 1501 etiam
987 1443 1056 1502 sine
1085 1449 1140 1502 tu-

16 1515 18 1560 ¹
63 1525 131 1586 toris
152 1525 337 1587 auctoritate
359 1533 505 1606 possunt.
534 1543 726 1605 quamquam
747 1525 806 1586 hoo
828 1526 871 1587 ita
894 1535 942 1587 est
963 1527 991 1588 si
1006 1526 1140 1607 accipiat

16 1673 17 1678 ,
63 1611 239 1690 pecuniam3
273 1618 305 1672 at
326 1612 353 1672 si
376 1631 439 1673 non
463 1612 610 1692 accipiat,
644 1611 701 1673 sed
723 1609 842 1672 habere
864 1629 899 1673 se
922 1610 1005 1674 dicat
1028 1621 1059 1674 et
1080 1631 1140 1694 per

16 1683 18 1742 s
65 1697 326 1777 acceptilationem
364 1698 444 1759 uelit
480 1696 653 1759 debitorem
692 1697 761 1759 sine
802 1698 915 1760 tutoris
952 1699 1138 1760 auctoritate

64 1782 205 1862 liberare,
231 1801 293 1844 non
315 1792 431 1863 potest.
1157 1798 1188 1844 88

26 1865 49 1924 88
142 1867 331 1949 Adquiritur
352 1879 458 1932 autem
480 1869 573 1931 nobis
595 1886 658 1930 non
680 1868 783 1930 solum
805 1888 864 1950 per
893 1877 1017 1931 nosmet
1039 1870 1135 1951 ipsos,

66 1953 238 2018 sedetiam
269 1974 328 2035 per
362 1974 415 2016 eos
449 1973 528 2035 quos
564 1958 597 2016 in
630 1962 785 2034 potestate
814 1974 912 2017 manu
939 1956 1140 2036 maneipioue

65 2039 223 2117 hahemus;
249 2041 325 2104 item
340 2059 398 2122 per
419 2060 473 2103 eos
488 2059 597 2104 seruos
613 2041 647 2102 in
663 2039 781 2120 quibus
796 2039 1027 2123 usumfructum
1041 2041 1142 2106 habe·

28 2175 31 2184 .
67 2144 147 2203 mus3
172 2129 249 2190 item
272 2145 333 2208 per
353 2127 497 2189 homines
518 2127 637 2189 liberos
658 2135 690 2188 et
705 2145 815 2189 seruos
830 2127 950 2190 alienos
965 2147 1044 2208 quos
1059 2127 1142 2192 hona

68 2210 123 2273 fide
143 2212 354 2292 possidemus.
385 2212 425 2274 de
448 2213 566 2293 quihus
589 2212 723 2293 singulis
738 2212 908 2294 diligenter
922 2214 1138 2294 dispiciamus.
1159 2227 1191 2274 88

26 2295 49 2358 tl
68 2296 157 2378 Igitur
179 2296 289 2383 (quod)
313 2298 408 2360 liberi
431 2301 530 2361 nostri
554 2317 633 2379 quos
656 2299 689 2359 in
704 2307 860 2379 potestate
875 2299 1038 2380 hahemus,
1065 2301 1141 2363 item

69 2383 143 2462 quod
164 2387 248 2447 serui
271 2386 368 2447 nostri
392 2387 548 2466 mancipio
571 2385 732 2465 accipiunt
752 2386 805 2447 uel
821 2405 862 2447 ex
876 2385 1045 2448 traditione
1060 2404 1143 2448 nan·

68 2470 231 2550 cisountur,
264 2471 334 2533 siue
358 2471 436 2551 quid
460 2471 666 2552 stipulentur,
699 2470 753 2532 uel
775 2490 817 2532 ex
838 2471 1026 2551 aliqualibet
1047 2490 1141 2534 causa

69 2553 244 2637 adquirunt,
276 2555 310 2618 id
332 2557 424 2619 nohis
450 2556 649 2637 adquiritur3
683 2557 750 2637 ipse
772 2559 857 2618 enim
880 2554 893 2639 ΙΙ
915 2559 972 2637 qui
994 2559 1027 2618 in
1050 2567 1245 2638 pote-pegae

69 2649 138 2704 state
166 2652 274 2706 nostra
303 2653 366 2720 est,
399 2643 479 2704 nihil
514 2662 608 2706 suum
637 2642 756 2707 hahere
786 2652 901 2724 potest.
951 2653 983 2704 88
1013 2643 1083 2705 ideo
1113 2644 1140 2705 si
1159 2656 1191 2702 88

69 2725 147 2790 heres
175 2730 341 2791 institutus
370 2729 429 2808 sit,
466 2730 528 2791 nisi
557 2738 664 2791 nostro
694 2731 785 2792 iussu
814 2728 1023 2792 hereditatem
1051 2728 1141 2791 adire

71 2831 123 2874 888
144 2824 261 2896 potest;
288 2824 319 2877 et
341 2815 368 2877 si
391 2815 572 2878 iubentibus
594 2814 686 2877 nohis
709 2813 841 2896 adierit,
867 2813 1027 2878 hereditas
1049 2815 1141 2878 nobis

71 2897 238 2979 adquiritur
260 2899 396 2980 proinde
419 2909 514 2981 atque
537 2902 563 2963 si
585 2919 643 2962 nos
666 2902 728 2982 ipsi
751 2901 887 2964 heredes
902 2901 1039 2964 instituti
1055 2921 1142 2964 esse-

128 3113 185 3179 §tt
200 3115 332 3180 88888888]
346 3113 359 3181 5
373 3119 404 3166 88
422 3113 433 3184 ΙΙ
449 3114 461 3180 8
474 3119 507 3164 88
520 3114 576 3166 8888
589 3135 620 3159 =
633 3115 692 3178 θὶς.
708 3119 750 3176 88,
766 3120 789 3177 8,
807 3120 837 3166 88
850 3129 909 3181 pr.;
929 3118 994 3168 lost.
1010 3121 1035 3179 8,
1050 3120 1064 3165 8
1078 3131 1120 3182 88.
1135 3113 1144 3183 ll

71 3177 117 3243 lt'l
136 3185 224 3248 888888-
240 3189 268 3235 88
289 3184 353 3236 8888
373 3184 408 3235 88
427 3188 460 3235 88
483 3186 550 3246 qood
568 3183 623 3235 lere
643 3205 675 3228 =
694 3184 752 3249 Dlg.
767 3188 810 3249 88,
826 3189 850 3248 8,
866 3190 908 3247 88,
923 3189 952 3248 8;
978 3185 1036 3250 887
1055 3199 1141 3250 usque

71 3249 98 3298 88
115 3254 140 3300 88
162 3255 285 3304 hahemus
303 3252 375 3305 ocul.
395 3255 461 3304 lust.
475 3258 502 3316 8,
517 3256 542 3314 8,
557 3257 581 3315 8,
601 3253 743 3318 sequentia
761 3253 816 3304 lere
835 3274 867 3298 =
886 3255 951 3305 lnsl.
966 3257 991 3318 8,
1006 3258 1032 3316 8,
1047 3257 1072 3305 8.

130 3453 160 3499 88
178 3450 355 3515 ohligattione
378 3451 423 3513 08,
449 3451 516 3514 conf.
540 3450 572 3501 0Ι
586 3463 649 3515 paq.
662 3456 714 3502 888
733 3449 741 3518 ll
760 3455 791 3500 88
811 3451 859 3502 sed
880 3451 1017 3511 08888888,
1045 3456 1072 3502 88
1093 3452 1112 3504 0
1134 3448 1145 3518 ΙΙ

73 3518 99 3564 88
114 3519 265 3583 adquiritur
283 3523 374 3571 autem
396 3520 425 3581 0,
450 3520 603 3584 adquiritur
621 3520 696 3584 8888,
722 3520 906 3585 adquiruntur
923 3521 985 3585 Dtp.
1010 3517 1021 3586 ΙΙ
1046 3525 1076 3570 88
1095 3535 1144 3586 888

74 3583 122 3648 888.
135 3588 207 3652 lost,
226 3591 297 3654 8888
317 3587 362 3650 08,
382 3589 447 3652 conf.
463 3587 494 3639 0ι
508 3602 571 3653 paq.
586 3593 637 3643 888
653 3603 724 3640 cers.
739 3591 756 3638 7
772 3586 783 3656 ΙΙ
800 3602 847 3640 888
869 3589 972 3649 01888,
992 3589 1116 3654 8881888.
1134 3586 1145 3656 ΙΙ

73 3655 98 3700 88
115 3655 255 3720 diligenter
275 3657 304 3719 0,
323 3658 479 3722 diligentius
497 3658 557 3722 Dio.
574 3658 635 3708 lost.
652 3655 707 3725 8188
731 3658 804 3722 quod
823 3660 922 3709 8888888
935 3657 1073 3719 08888888,
1094 3671 1143 3712 om.

75 3720 177 3788 088888.
198 3727 230 3778 08
245 3741 308 3791 pop.
323 3732 375 3781 sot
392 3740 463 3778 8888.
477 3728 500 3787 t)
519 3723 529 3793 ΙΙ
553 3729 584 3776 88
603 3728 690 3777 888888
708 3727 780 3790 Dia„
801 3728 809 3776 i
832 3727 859 3786 0,
879 3727 946 3790 confi
968 3727 1000 3778 0ι
1015 3732 1144 3790 popm

72 3791 112 3852 888.
130 3791 138 3859 ΙΙ
156 3799 185 3844 88
203 3795 363 3861 aliqualibet
383 3794 412 3855 0,
432 3795 554 3860 qualibet
565 3795 617 3846 alia
635 3795 695 3859 nto.
712 3797 774 3847 lost.
793 3791 803 3862 ΙΙ
821 3798 852 3845 88
870 3795 1019 3861 adquirunt
1034 3796 1069 3848 08
1082 3796 1142 3860 Dip.

74 3857 138 3922 1888,
156 3865 302 3930 adquirant
316 3864 445 3916 08888888
461 3861 472 3930 ΙΙ
489 3865 548 3930 8888
566 3864 627 3928 1888.
643 3865 717 3925 lost,
737 3866 833 3930 ipseo?
848 3863 868 3915 0
881 3865 957 3928 (conf.
974 3865 1007 3916 G·
1015 3879 1079 3929 888.
1093 3869 1142 3917 888

73 3939 133 3980 uere.
146 3935 189 3994 20)
201 3933 213 3998 ΙΙ
226 3937 258 3983 88
277 3936 370 3984 nostra
391 3933 419 3993 0,
439 3934 551 3984 88888888
570 3933 708 3998 18888888.
728 3931 738 4000 ll
756 3937 783 3984 et
800 3934 863 3984 ideo
884 3934 912 3994 0,
937 3933 1054 3998 ideoque
1073 3934 1142 3996 8888,

74 3996 265 4069 sedimento
285 4002 365 4054 88888
383 4002 444 4066 1888.
464 4003 539 4063 lod,
559 4001 613 4051 hoc
628 4001 671 4061 0¹¹,
691 4003 757 4065 conf.
776 4000 978 4069 0888887811
996 4007 1026 4052 88
1046 4001 1144 4052 iuben-

75 4063 140 4118 88888
155 4070 212 4134 1888,
234 4072 306 4131 last,
331 4070 483 4121 ihonitihue
503 4069 523 4121 0
545 4067 555 4136 ΙΙ
578 4070 713 4121 hereditas
738 4072 798 4136 th.
817 4073 898 4133 1888,
923 4071 1071 4122 hereditate
1098 4069 1141 4130 0¹²,

76 4135 133 4250 831888.
150 4138 179 4190 08
193 4153 255 4204 pop.
270 4143 322 4193 270
340 4139 351 4204 ΙΙ
370 4143 401 4189 88
420 4140 535 4204 proinde
556 4139 584 4200 0,
604 4139 718 4204 perinde
731 4141 791 4204 Dia.
805 4141 867 4191 lost.
886 4138 896 4207 ΙΙ
913 4139 1002 4204 adque
1017 4138 1044 4200 0,
1064 4143 1145 4203 atque

105 4217 138 4265 8.,
157 4221 187 4258 88
204 4210 266 4260 lost.
