2908 4764
486 417 570 428 ..
617 383 677 446 129
721 418 807 428 —
970 383 1006 434 111
1025 382 1186 448 §rao-rsa

100 573 265 656 sponsoris
287 581 319 634 et
341 570 603 652 fidepromissoris
625 573 717 634 heres
740 591 802 634 non
825 581 960 653 tenetur,
995 573 1058 635 nisi
1089 572 1116 634 si
1146 571 1185 634 de

100 661 272 741 peregrino
302 657 554 738 fidepromissore
584 678 792 739 quaeramus,
824 667 856 720 et
885 659 946 721 alio
975 659 1044 720 iure
1074 661 1187 720 ciuitas

22 747 70 809 444
101 748 172 809 eius
193 754 315 808 utatur.
352 742 546 806 fideiussoris
568 754 674 806 autern
697 745 792 805 etiarn
814 744 908 805 heres
930 754 1068 806 tenetur.
1108 745 1186 806 ltem

102 851 238 913 sponsor
260 839 291 892 44
313 829 549 910 fidepromissor
570 831 638 911 lege
659 833 754 893 Furio
776 831 905 892 biennio
935 831 1120 910 liberantur,
1155 839 1187 892 44

102 924 256 998 quotquot
278 925 372 978 erunt
395 935 527 977 numero
551 935 587 977 eo
609 925 753 997 tempore
777 937 839 998 quo
868 918 1001 996 pecunia
1032 918 1098 996 peti
1127 929 1219 997 po-5

101 1013 179 1082 test,
216 1004 248 1063 in
279 1011 325 1063 tot
347 1010 454 1082 partes
477 1001 638 1064 diducitur
660 1003 744 1064 inter
767 1022 820 1064 eos
843 1001 991 1083 obligatio
1014 1012 1046 1064 et
1068 1003 1185 1082 singuli

103 1087 167 1174 (in)
191 1089 302 1151 uiriles
329 1097 436 1167 partes
466 1087 651 1170 obliquatur.
689 1088 896 1151 fideiussores
924 1107 1001 1150 uero
1029 1097 1185 1169 perpetuo

100 1185 264 1255 tenentur,
297 1183 328 1234 et
351 1182 503 1254 quotquot
531 1183 624 1236 erunt
645 1193 791 1251 numero,
825 1175 942 1255 singuli
965 1176 998 1235 in
1021 1174 1156 1236 solidum
1178 1171 1187 1258 44

101 1263 295 1342 obligantur.
333 1261 441 1340 itaque
470 1260 608 1322 liberum
636 1269 685 1322 est
712 1260 861 1322 creditori
888 1281 905 1322 a
929 1279 991 1340 quo
1014 1262 1091 1322 uelit
1112 1261 1288 1333 soli-pgloc

102 1348 181 1410 durn
204 1355 325 1428 petere.
364 1345 423 1408 sed
445 1365 530 1408 nunc
553 1365 593 1407 ex
616 1347 752 1426 epistula
776 1346 845 1409 diui
867 1346 1021 1408 Hadriani
1041 1347 1186 1428 conpelli·
1205 1358 1236 1404 44

2 1437 3 1440 ’
103 1443 155 1497 444
184 1431 322 1495 creditor
354 1451 372 1492 a
406 1432 540 1512 singulis
570 1434 627 1513 qui
657 1431 748 1494 modo
784 1432 937 1494 soluendo
967 1433 1048 1512 sint,
1084 1439 1186 1514 partes

101 1530 224 1602 petere.
271 1538 307 1581 eo
329 1519 427 1598 igitur
449 1517 544 1580 distat
565 1520 642 1580 haec
665 1519 803 1599 epistula
824 1540 843 1581 a
865 1519 935 1599 lege
959 1519 1069 1594 Furia,
1102 1517 1187 1599 quod

2 1625 4 1682 ξ
102 1608 130 1669 si
153 1607 227 1687 quis
250 1624 290 1666 ex
313 1604 520 1684 sponsoribus
543 1613 598 1666 aut
620 1603 926 1685 fidepromissoribus
949 1604 1101 1668 soluendo
1123 1623 1186 1666 non

2 1729 3 1738 .
102 1695 154 1772 sit,
181 1693 240 1753 hoc
262 1709 342 1752 onus
364 1689 403 1752 ad
428 1687 555 1773 <ceteros
576 1709 638 1751 444
656 1699 728 1771 pert
716 1693 801 1768 tinet;
828 1691 881 1752 4444
903 1709 945 1751 eac
956 1689 1186 1771 fideiussoribus

103 1781 161 1842 etsi
181 1795 263 1840 4444
286 1784 402 1838 tontum
424 1777 567 1839 soluendo
582 1778 631 1855 sit,
658 1777 700 1838 od
713 1777 793 1838 4444
808 1773 899 1860 onus>
916 1786 1092 1838 ceterorum
1108 1795 1188 1856 quo·
1206 1787 1237 1833 44

2 1825 86 1926 4444ι
102 1884 165 1945 que
188 1863 340 1946 pertinet.
387 1862 450 1924 Sed
471 1882 544 1924 cum
567 1863 620 1924 lex
642 1865 734 1924 Furia
757 1870 825 1924 tant
826 1883 881 1924 um
910 1864 944 1923 in
966 1864 1055 1925 ltalia
1084 1864 1187 1924 locum

104 1951 237 2029 habeat,
271 1949 378 2010 euenit
405 1957 441 2010 ut
470 1950 503 2010 in
531 1951 648 2010 4444444
671 1950 847 2029 prouinciis
870 1967 1039 2029 sponsores
1062 1967 1187 2029 quoque

103 2047 135 2099 et
158 2035 432 2116 fidepromissores
455 2033 589 2115 proinde
612 2053 649 2095 ac
670 2034 871 2098 fideiussores
883 2044 999 2116 perpet
999 2055 1040 2097 uo
1055 2044 1189 2097 tenean-
1296 2021 1303 2042 '

101 2133 155 2186 tur
177 2132 210 2184 44
233 2121 350 2202 singuli
372 2121 406 2182 in
431 2121 565 2182 solidum
586 2119 780 2201 obligentur,
810 2122 872 2182 nisi
897 2141 937 2182 ex
959 2123 1097 2203 epistula
1120 2120 1187 2182 diui

30 2209 80 2271 444
103 2208 255 2271 Hadriani
277 2209 309 2268 hi
332 2226 453 2289 quoque
475 2207 667 2270 adiuuentur·
698 2209 732 2268 in
761 2216 863 2288 parte.
911 2209 1076 2270 Praeterea
1105 2210 1188 2269 inter
1206 2218 1236 2262 sc

104 2312 273 2376 sponsores
295 2302 327 2354 44
349 2292 622 2374 fidepromissores
645 2294 698 2354 lex
719 2292 876 2374 Appuleia
903 2294 1062 2374 quandam
1091 2294 1189 2356 socie-

3 2441 4 2456 ,
102 2390 199 2445 tatem
227 2379 414 2442 introduxit.
453 2398 527 2440 narn
557 2381 584 2441 si
612 2379 685 2458 quis
713 2381 825 2440 horum
853 2380 926 2459 plus
958 2399 1015 2441 sua
1045 2381 1189 2460 portione

3 2459 4 2538 ζ
104 2467 252 2546 soluerit,
286 2464 326 2527 de
356 2485 392 2527 eo
423 2465 509 2546 quod
538 2464 674 2545 amplius
705 2465 846 2542 dederit,
880 2464 1036 2527 aduersus
1067 2474 1188 2526 ceteros

103 2557 243 2616 actiones
265 2552 437 2614 constituit.
477 2570 559 2631 quae
589 2552 641 2612 lex
669 2561 741 2612 ante
771 2552 873 2631 legem
894 2553 1019 2613 Furiam
1042 2551 1105 2612 lata
1127 2558 1185 2630 est,

104 2659 166 2720 quo
188 2649 330 2718 tempore
353 2636 386 2699 in
409 2637 544 2699 solidum
566 2636 798 2718 obligabantur.
845 2635 931 2698 unde
961 2638 1126 2716 quaeritur
1148 2654 1188 2697 an
1206 2646 1238 2693 44

3 2745 4 2752 “
103 2735 175 2806 post
196 2726 300 2806 legem
316 2724 442 2786 Furiam
465 2722 567 2785 adhuc
581 2723 662 2804 legis
676 2720 850 2804 Appuleiae
866 2722 1058 2784 beneficium
1074 2741 1189 2802 super-

4 2843 6 2898 ,
104 2811 156 2874 sit.
190 2820 222 2872 et
237 2812 348 2890 utique
365 2819 454 2871 extra
469 2809 588 2870 ltaliam
605 2818 765 2889 superest.
790 2828 864 2870 nam
880 2809 933 2869 lex
948 2808 1078 2889 quidem
1094 2809 1188 2869 Furia

104 2907 230 2960 tantum
252 2897 286 2956 in
308 2897 397 2958 ltalia
419 2895 514 2971 ualet,
540 2894 697 2976 Appuleia
719 2914 795 2956 uero
818 2897 913 2957 etiarn
936 2896 967 2955 in
985 2895 1099 2957 ceteris
1114 2913 1190 2976 pro-

104 2984 231 3046 uinciis.
272 2982 328 3043 sed
349 3001 388 3044 an
404 2983 500 3043 etiam
516 2979 579 3064 <44>
603 2982 696 3043 Italic
711 2980 901 3042 beneficium
917 2982 997 3061 legis
1011 2979 1188 3061 Appuleiae

105 3070 253 3151 supersit,
285 3067 380 3130 ualde
403 3068 577 3148 quaeritur.
618 3067 661 3130 od
678 3067 873 3147 fideiussores
895 3075 995 3129 444444
1011 3067 1065 3130 lece
1079 3067 1189 3148 Appu-
1207 3076 1238 3122 44

103 3187 153 3212 ’Μ’

175 3230 248 3295 §lat
275 3231 338 3281 inde
362 3229 396 3280 ab
421 3235 435 3281 8
458 3235 578 3292 anneot
600 3243 687 3294 usque
712 3230 747 3280 ad
768 3234 798 3278 44
814 3235 902 3292 petere
970 3231 1036 3280 lust.
1051 3234 1076 3291 4,
1091 3234 1134 3290 44,
1149 3232 1173 3282 t.

173 3381 188 3425 8
209 3375 377 3427 fideiussoris
389 3390 423 3427 44
435 3375 616 3428 fidesiussoris
628 3381 773 3426 correctom
787 3374 807 3426 0
823 3375 834 3438 11
855 3377 869 3423 4
882 3374 940 3438 lege
953 3375 1032 3424 Furia
1050 3374 1187 3432 04444444,

105 3445 247 3510 legiuriam
272 3444 297 3505 0,
323 3445 390 3508 conf.
413 3444 444 3495 04
458 3459 520 3508 pop.
533 3446 583 3498 474
596 3444 644 3507 ins.
664 3444 676 3509 ΙΙ
695 3447 709 3492 6
728 3443 875 3507 diducitur]
896 3443 1042 3494 deducitur
1063 3442 1109 3506 044
1128 3446 1141 3491 7
1162 3443 1189 3492 44

107 3517 204 3566 eddidit
222 3513 340 3564 Huschke
356 3514 368 3578 ΙΙ
385 3513 540 3578 obligantur
559 3513 694 3577 Boecktnp,
721 3512 890 3564 hocabentur
909 3511 928 3562 0
944 3511 956 3576 ΙΙ
977 3515 1043 3561 6-4
1063 3513 1145 3562 uerbo
1164 3515 1191 3561 et

6 3583 8 3620 4
107 3585 205 3648 singuli
222 3582 317 3634 uiriles
334 3585 426 3646 partes
444 3582 613 3633 hocabentur
629 3584 694 3632 444444
712 3583 841 3632 Polenoor
858 3582 869 3645 11
891 3585 905 3629 4
925 3581 1081 3644 obligantur
1101 3579 1127 3644 0,
1148 3582 1191 3630 te-

106 3656 204 3702 nentur
228 3652 289 3702 lnst.
310 3651 322 3715 ΙΙ
340 3655 424 3702 9-44
442 3653 571 3714 suppleuit
591 3652 720 3702 04444444
738 3651 848 3701 441444.
866 3651 877 3714 11
897 3654 924 3698 44
947 3651 1001 3700 sint
1015 3648 1042 3712 0,
1064 3651 1119 3700 sint
1135 3649 1190 3699 litis

107 3723 272 3772 contestatae
283 3723 405 3785 tempore
419 3722 481 3771 last.
502 3721 512 3784 ΙΙ
533 3722 631 3770 44-45
651 3717 678 3787 (l
695 3720 807 3782 eaoontpls'
818 3722 905 3784 grotta
921 3720 1019 3769 4444444444
1031 3721 1189 3778 4444444444·

108 3792 171 3841 otios
184 3791 320 3852 supplendi
330 3793 389 3840 4444
398 3795 491 3853 potere
503 3795 703 3840 consentaneum
714 3795 752 3839 est
769 3789 780 3851 ΙΙ
800 3792 830 3838 47
851 3787 964 3851 cetenis)
982 3787 1009 3849 0,
1025 3788 1091 3851 conf.
1109 3787 1191 3838 044444

7 3887 8 3892 =
107 3863 131 3922 4,
148 3863 197 3914 444
209 3861 276 3908 cred.
297 3859 380 3922 (infra
397 3872 467 3910 4444.
481 3860 540 3919 48),
565 3861 610 3908 sod
626 3857 738 3921 [4444444
755 3863 864 3919 atroque
881 3859 935 3907 loco
954 3858 1054 3907 ceteris
1072 3870 1107 3906 44
1123 3856 1191 3918 falso

7 3975 8 3994 ,
107 3930 257 3990 glossemate
268 3930 374 3989 irrepsit
392 3928 402 3990 ΙΙ
421 3931 452 3976 48
472 3926 610 3992 perpetuo]
629 3928 799 3991 inperpetuo
814 3925 847 3976 0¹¹
864 3924 875 3988 11
894 3930 925 3974 444
939 3939 1049 3990 quoque
1062 3924 1188 3983 Huschke,

109 3996 159 4060 qci
180 4001 205 4058 (4.
221 4010 244 4047 e.
263 3997 411 4061 4444444444)
433 3995 474 4060 04,
495 3997 562 4059 coos.
586 3995 617 4047 04
631 4009 694 4059 pop.
709 3997 759 4048 447
778 3995 789 4058 ΙΙ
807 3995 998 4045 adiuuentur
991 4008 1019 4044 444
1037 3997 1114 4059 parte
1132 4005 1191 4041 4444

7 4065 9 4116 l
112 4065 200 4116 04444
222 4069 279 4116 stne
300 4067 455 4116 dubitatione
472 4069 598 4126 scriptum
615 4069 653 4115 est
676 4064 687 4128 ll
710 4069 742 4114 48
763 4063 908 4126 44444440,
933 4064 999 4127 conf.
1020 4068 1107 4113 tomen
1125 4073 1190 4121 quoe

110 4137 141 4184 od
161 4136 218 4186 044.
232 4141 258 4197 4,
275 4139 337 4189 4444
357 4137 449 4196 (supro
466 4148 536 4184 44444.
553 4134 599 4197 ll)
614 4135 737 4184 adnotato
749 4138 810 4183 44444
827 4132 837 4196 ΙΙ
857 4133 914 4180 49
907 4145 934 4181 in
953 4131 1035 4194 ltalia]
1057 4130 1127 4180 alis‘?
1147 4127 1190 4196 044

8 4263 9 4268 ¹
112 4207 140 4252 84
158 4203 331 4255 fideiussores
350 4207 440 4254 autem
459 4203 502 4253 lex
521 4203 632 4265 coempti
648 4205 736 4265 pretio
754 4203 900 4262 suppletum
917 4206 963 4252 444.

161 4304 238 4345 Gaius.
967 4305 981 4350 9
