2908 4764
228 401 235 414 ·
288 379 493 446 spissa-sat
682 411 766 422 ...-
810 377 851 439 32
895 411 980 422 ,-

288 570 414 650 patione
438 575 556 630 exeunt
579 566 618 629 de
640 567 740 648 patris
767 573 916 646 potestate

290 654 685 716 ——manumissae
710 651 863 714 fuerint's

204 915 262 974 133
286 905 993 970 &aaronitas
1008 917 1110 970 autem
1121 928 1227 972 sumas
1243 892 1395 973 liberares

289 1017 353 1061 esse
368 998 530 1059 arbitrium
546 998 575 1057 ei
588 997 642 1078 pai
653 996 749 1076 filiam
765 1002 794 1056 et
807 1013 849 1056 eae
863 1013 895 1056 eo
911 1003 1045 1075 nepotem
1060 997 1092 1056 ia
1110 1004 1257 1076 potestate
1280 998 1370 1060 itabe-

288 1085 340 1164 bit,
356 1086 453 1165 filiurn
468 1082 588 1165 quidem
603 1082 639 1144 de
659 1088 804 1162 potestate
825 1080 982 1154 dimittere,
1009 1089 1142 1162 nepotem
1164 1101 1238 1144 aero
1261 1086 1295 1146 in
1313 1104 1369 1166 po-

289 1177 392 1233 testate
413 1171 545 1231 retiaere
553 1189 563 1245 ,·
586 1168 636 1229 ael
653 1187 695 1230 eac
710 1167 832 1228 diuersa
844 1168 942 1247 filiam
957 1167 1077 1249 quidem
1092 1169 1124 1229 ia
1136 1177 1281 1248 potestate
1297 1173 1369 1232 reti·
1445 1219 1447 1252 ,

287 1276 370 1330 nere,
396 1263 529 1336 nepotem
550 1273 624 1316 aero
640 1255 867 1333 manumittere,
893 1253 943 1314 aet
964 1272 1065 1316 omnes
1080 1257 1132 1316 sai
1145 1256 1225 1318 iaris
1241 1256 1366 1337 efficere.

287 1343 390 1404 eadem
405 1350 434 1403 et
447 1341 483 1402 de
496 1348 656 1422 pronepote
671 1339 753 1400 dieta
773 1357 837 1400 esse
857 1339 1072 1422 inteliepemns.
1385 1352 1409 1396 40

1445 1435 1447 1444 4

1445 1467 1447 1478 1

1112 1547 1155 1555 ..-
1362 1511 1371 1597 u

288 1607 320 1661 et
343 1599 424 1660 duae
447 1597 680 1660 intercedentes
703 1597 968 1659 manumissiones
989 1597 1125 1678 proinde
1141 1599 1232 1677 fiunt,
1252 1617 1288 1660 ac
1302 1599 1439 1673 fieripegt

239 1696 242 1700 ’
289 1686 401 1764 solent,
428 1703 499 1746 eum
523 1685 568 1745 ita
591 1703 662 1744 eum
682 1692 773 1764 pater
788 1683 828 1744 de
842 1692 998 1763 potestate
1015 1683 1156 1763 dimittit,
1174 1694 1210 1746 at
1226 1687 1277 1746 sui
1292 1687 1369 1747 iuris
1443 1711 1444 1714 ¹

289 1771 458 1834 efficiatur.
497 1769 613 1831 deinde
636 1778 692 1830 aut
713 1772 797 1850 patri
819 1771 1063 1851 remancipatnr,
1090 1779 1122 1832 et
1143 1769 1184 1832 ab
1206 1789 1243 1832 eo
1266 1773 1295 1833 is
1317 1773 1370 1851 qui
1387 1783 1412 1827 ts

288 1857 426 1939 adoptat,
451 1857 595 1918 uindicat
617 1855 703 1936 apud
725 1865 904 1934 praetorem
927 1855 1027 1917 filium
1050 1876 1144 1918 suum
1166 1876 1247 1936 esse,
1271 1867 1303 1918 et
1318 1859 1369 1919 illo

288 1954 394 2005 contra
416 1961 479 2003 non
501 1941 680 2003 uindicante
697 1937 752 2028 (a)
771 1951 918 2022 praetore
941 1941 1118 2004 uindicanti
1141 1943 1226 2004 filius
1249 1943 1371 2006 addici·

287 2038 356 2106 tur;
383 2037 438 2090 aut
454 2047 516 2088 non
532 2027 767 2107 remancipatar
789 2029 882 2109 patri,
908 2029 962 2090 sed
983 2028 1024 2090 ab
1047 2049 1083 2090 eo
1106 2029 1249 2092 uindicat
1269 2029 1371 2110 isqui

288 2112 430 2195 adoptat,
463 2113 546 2194 apud
575 2132 669 2192 quens
698 2114 731 2175 in
751 2115 839 2176 tertia
862 2113 1093 2196 mancipatione
1116 2124 1182 2194 est;
1216 2115 1274 2178 sed
1296 2135 1370 2178 sane
1445 2111 1447 2124 ²

205 1431 264 1489 l3l

1161 2285 1371 2302 'VWVVVVVWVV

355 2371 428 2437 §tat
448 2391 480 2414 a
499 2372 556 2433 Dig.
572 2375 597 2432 t,
612 2375 637 2432 ’1,
652 2375 700 2431 283
721 2373 785 2421 last.
804 2375 827 2432 t,
843 2375 884 2433 ts,
901 2375 926 2422 1.

288 2611 322 2661 410
340 2613 425 2676 patris
442 2613 486 2662 uel
506 2612 551 2662 aui
569 2615 669 2662 exeunt
686 2613 817 2676 potestate
835 2613 862 2662 et
879 2613 921 2661 sui
940 2611 1008 2662 iuris
1027 2611 1190 2663 efficiuntur.
1222 2613 1257 2662 Et
1274 2613 1301 2663 hi
1320 2615 1371 2677 ipsi

288 2680 439 2744 quamlibet
455 2694 510 2731 una
528 2682 727 2745 mancipatione
745 2681 779 2731 de
796 2681 880 2744 patris
899 2680 943 2730 uel
960 2682 1005 2730 aui
1017 2685 1149 2746 potestate
1162 2685 1269 2744 exeant,
1289 2683 1372 2732 cisia

286 2752 363 2812 patre
375 2749 516 2798 fiduciario
530 2751 709 2814 remancipati
722 2749 823 2799 fuerint
835 2751 863 2798 et
875 2763 890 2799 a
902 2749 1020 2799 naturali
1032 2753 1108 2814 patre
1120 2751 1290 2812 manumissi,
1305 2764 1371 2802 suc-

288 2818 385 2867 cedere
410 2819 450 2867 eis
468 2817 597 2868 naturalis
615 2821 693 2881 pater
709 2831 762 2868 non
781 2821 877 2882 potest,
897 2819 950 2868 nisi
968 2817 1140 2882 fiduciarius,
1166 2833 1180 2868 a
1200 2833 1254 2883 qno
1273 2833 1371 2870 manu-

286 2887 362 2935 missi
381 2882 463 2951 sunt(‚
484 2886 661 2936 hereditatem
680 2887 867 2950 repudiauerit
888 2891 936 2936 aut
958 2887 1105 2938 decesserit
1127 2889 1170 2938 ael
1187 2890 1283 2938 similia
1299 2891 1373 2940 addit

288 2949 423 3020 Kraeper).
455 2954 525 3005 Nam
550 2955 572 3004 si
594 2957 810 3018 remancipatam
834 2968 896 3005 eum
919 2956 973 3006 sibi
991 2957 1121 3008 naturalis
1138 2960 1215 3022 pater
1238 2958 1283 3008 uel
1302 2971 1371 3008 auus

287 3023 485 3084 manumiserit,
506 3024 564 3087 ipse
581 3023 607 3072 ei
624 3025 652 3072 in
670 3023 821 3074 hereditate
839 3024 971 3074 succedit.

356 3094 423 3138 t—s
442 3092 510 3154 (post
527 3093 667 3156 potestate)
684 3092 770 3154 forma
790 3092 894 3142 Gaiana
911 3107 933 3146 e.
947 3107 971 3158 p.
994 3095 1057 3144 iaec
1077 3094 1157 3157 faisse
1177 3099 1278 3156 potest:
1303 3099 1330 3144 et
1348 3097 1372 3146 si

287 3173 319 3209 ex
337 3173 368 3208 ea
387 3162 587 3224 mancipatione
604 3161 814 3212 manumissae
827 3161 955 3222 sinerint,
972 3165 1017 3214 eui
1030 3164 1097 3214 iuris
1109 3161 1271 3216 efficiuntur.
1291 3163 1302 3228 il
1321 3168 1373 3213 5-

288 3233 318 3277 to
335 3228 515 3291 (admonendi
526 3255 561 3266 —
573 3229 781 3294 intellegemus),
801 3243 911 3292 qaorum
926 3233 1066 3281 aeramen
1083 3245 1130 3282 neo
1147 3233 1207 3282 nota
1224 3245 1271 3282 aee
1288 3236 1372 3284 aesti-

286 3299 358 3360 91040
374 3299 402 3346 in
420 3300 514 3348 codicis
529 3297 548 3349 G
563 3301 662 3363 papiae
672 3303 707 3350 51
725 3301 816 3361 dispici
824 3298 909 3360 potest
922 3301 999 3363 (conf.
1018 3300 1071 3362 02⁸)
1085 3313 1119 3350 ea
1132 3300 1191 3364 Dip.
1206 3303 1261 3360 (ati
1273 3303 1373 3353 »Gaius

287 3365 334 3415 lib.
349 3367 360 3414 1
373 3367 452 3417 inst«
469 3369 604 3427 tendetur)
623 3373 648 3418 et
660 3369 723 3418 last.
743 3370 771 3418 in
780 3371 922 3428 posteriore
934 3371 1010 3419 taius
1019 3373 1134 3434 popinae
1143 3375 1221 3431 parte
1231 3373 1374 3421 inserenda

287 3447 342 3484 esse
359 3437 487 3486 intellexit
507 3437 637 3487 Goeselsen
657 3436 668 3500 ΙΙ
690 3441 713 3486 s.
731 3440 744 3485 6
763 3437 933 3488 admonendi
952 3442 1043 3488 autem
1062 3452 1156 3488 sumus
1175 3439 1292 3490 liberum
1310 3453 1374 3492 esse

287 3502 431 3554 arbitrium
450 3507 524 3565 last,
545 3507 672 3556 Liberum
690 3505 833 3556 arbitrium
851 3509 892 3556 est
910 3507 970 3571 Dip.
991 3507 1002 3571 ΙΙ
1021 3511 1034 3556 6
1055 3510 1181 3572 nepotem
1195 3508 1264 3572 Dia,
1284 3522 1374 3574 nepo-

287 3575 342 3621 tem
354 3574 399 3623 uel
412 3577 519 3639 neptem
533 3575 595 3626 last.
615 3575 626 3638 11
644 3579 657 3624 7
678 3575 712 3626 410
724 3577 856 3640 potestate
870 3577 944 3636 last,
958 3579 1091 3641 potestate
1104 3577 1164 3640 Dip.
1185 3577 1196 3640 il
1214 3591 1282 3627 uero
1296 3579 1372 3642 Die„

285 3654 352 3690 uero
370 3643 415 3692 uel
434 3647 543 3708 neptem
561 3646 624 3696 last.
649 3644 660 3707 11
683 3647 697 3692 8
716 3643 762 3694 uel
781 3644 852 3708 Hip,
872 3647 898 3694 et
916 3645 978 3696 lost.
999 3645 1010 3709 ΙΙ
1030 3649 1044 3693 9
1062 3659 1128 3696 uero
1148 3647 1219 3709 Dip„
1239 3659 1307 3697 uero
1326 3649 1375 3698 uel

286 3713 395 3773 neptem
414 3713 476 3762 last.
496 3709 504 3778 11
522 3717 537 3760 9
555 3713 600 3763 001
612 3739 646 3748 -
659 3717 689 3762 11
709 3713 896 3776 intellegemus
914 3715 986 3778 Dia,
1007 3715 1101 3766 eadem
1120 3717 1147 3764 et
1165 3715 1198 3764 de
1217 3720 1375 3780 pronepote

285 3779 330 3828 uel
353 3783 485 3845 pronepte
508 3781 580 3830 diota
604 3795 664 3832 esse
686 3782 885 3845 intellegantur,
916 3785 961 3832 uel
984 3797 1079 3834 omnes
1103 3785 1145 3834 sui
1169 3784 1236 3833 iuris
1261 3783 1375 3837 efficere

287 3848 349 3897 last.
369 3848 380 3912 ΙΙ
400 3853 429 3898 ts
449 3854 510 3899 ante
528 3852 554 3898 et
572 3850 641 3900 duae
656 3854 830 3912 praecessisse
847 3853 897 3900 tate
914 3854 991 3912 quid:
1014 3853 1155 3903 Praeterea
1172 3855 1314 3917 parentes,
1338 3854 1376 3904 li-

285 3915 360 3968 beris
378 3919 406 3967 in
425 3918 599 3982 adoptionem
618 3919 703 3981 datis,
730 3921 757 3969 in
776 3922 909 3984 potestate
929 3933 979 3970 eos·
993 3921 1095 3972 habere
1120 3921 1258 3972 desinunt.
1298 3926 1325 3973 et
1345 3926 1375 3974 in

284 3985 340 4036 filio
360 3987 480 4050 quidem,
501 3988 524 4036 si
542 3988 570 4035 in
588 3987 760 4052 adoptionem
779 3989 868 4050 datur,
888 3989 942 4038 tres
960 3992 1175 4056 mancipationes
1188 3995 1289 4041 censuit
1303 3993 1377 4043 Goe-

286 4056 363 4106 seten
381 4055 392 4120 il
412 4058 442 4104 11
461 4059 492 4105 01
513 4055 652 4118 caesana,
672 4057 753 4108 autc
769 4057 780 4120 ΙΙ
800 4062 830 4106 ts
850 4055 983 4108 efficiatur
997 4059 1135 4120 Goeseten,
1155 4055 1309 4110 efficiantur
1325 4062 1373 4124 0¹¹,

285 4125 352 4187 conf.
375 4125 407 4175 0ι
430 4124 498 4244 11016
518 4126 589 4190 apud
617 4125 759 4186 Goescten,
785 4129 865 4191 aaput
886 4125 915 4176 0·
928 4127 939 4190 11
964 4131 994 4176 11
1014 4129 1171 4178 uindicante
1190 4141 1206 4178 0
1226 4128 1373 4192 Goesoiea,

286 4193 414 4244 uincente
457 4234 463 4246 .
