<?xml version="1.0" encoding="UTF-8"?>
<!DOCTYPE html PUBLIC "-//W3C//DTD XHTML 1.0 Transitional//EN"
    "http://www.w3.org/TR/xhtml1/DTD/xhtml1-transitional.dtd">
<html xmlns="http://www.w3.org/1999/xhtml" xml:lang="en" lang="en">
 <head>
  <title>
</title>
<meta http-equiv="Content-Type" content="text/html;charset=utf-8" />
  <meta name='ocr-system' content='tesseract 3.04.00' />
  <meta name='ocr-capabilities' content='ocr_page ocr_carea ocr_par ocr_line ocrx_word'/>
</head>
<body>
  <div class='ocr_page' id='page_1' title='image "./gaiinstitvtione00kruegoog_0050.png"; bbox 0 0 2908 4764; ppageno 0'>
   <div class='ocr_carea' id='block_1_1' title="bbox 702 977 973 1048">
    <p class='ocr_par' dir='ltr' id='par_1_1' title="bbox 702 977 973 1048">
     <span class='ocr_line' id='line_1_1' title="bbox 702 977 973 1048; baseline 0 0"><span class='ocrx_word' id='word_1_1' title='bbox 702 977 973 1048; x_wconf 86' lang='lat' dir='ltr'><strong>INDEX</strong></span> 
     </span>
    </p>
   </div>
   <div class='ocr_carea' id='block_1_2' title="bbox 498 1199 1179 1254">
    <p class='ocr_par' dir='ltr' id='par_1_2' title="bbox 498 1199 1179 1254">
     <span class='ocr_line' id='line_1_2' title="bbox 498 1199 1179 1254; baseline 0 -12"><span class='ocrx_word' id='word_1_2' title='bbox 498 1201 716 1244; x_wconf 76' lang='lat' dir='ltr'>PRAEGIPVARVM</span> <span class='ocrx_word' id='word_1_3' title='bbox 738 1201 876 1244; x_wconf 75' lang='lat' dir='ltr'>NOTARVM</span> <span class='ocrx_word' id='word_1_4' title='bbox 899 1200 999 1254; x_wconf 78' lang='lat' dir='ltr'>QVIBVS</span> <span class='ocrx_word' id='word_1_5' title='bbox 1022 1200 1066 1243; x_wconf 77' lang='lat' dir='ltr'>vs!</span> <span class='ocrx_word' id='word_1_6' title='bbox 1089 1199 1179 1243; x_wconf 76' lang='lat' dir='ltr'>SVMVS</span> 
     </span>
    </p>
   </div>
   <div class='ocr_carea' id='block_1_3' title="bbox 762 1389 916 1398">
    <p class='ocr_par' dir='ltr' id='par_1_3' title="bbox 762 1389 916 1398">
     <span class='ocr_line' id='line_1_3' title="bbox 762 1389 916 1398; baseline 0.006 -1"><span class='ocrx_word' id='word_1_7' title='bbox 762 1389 916 1398; x_wconf 81' lang='lat'>-—-—-.--</span> 
     </span>
    </p>
   </div>
   <div class='ocr_carea' id='block_1_4' title="bbox 302 1559 1371 3080">
    <p class='ocr_par' dir='ltr' id='par_1_4' title="bbox 305 1559 839 1625">
     <span class='ocr_line' id='line_1_4' title="bbox 305 1559 839 1625; baseline -0.006 -13"><span class='ocrx_word' id='word_1_8' title='bbox 305 1561 325 1612; x_wconf 83' lang='lat'><em>0</em></span> <span class='ocrx_word' id='word_1_9' title='bbox 355 1581 385 1602; x_wconf 96' lang='lat'>=</span> <span class='ocrx_word' id='word_1_10' title='bbox 406 1559 492 1610; x_wconf 79' lang='lat' dir='ltr'>codex</span> <span class='ocrx_word' id='word_1_11' title='bbox 509 1559 673 1610; x_wconf 78' lang='lat' dir='ltr'>Veronensis</span> <span class='ocrx_word' id='word_1_12' title='bbox 690 1561 839 1625; x_wconf 79' lang='lat' dir='ltr'>rescriptas</span> 
     </span>
    </p>

    <p class='ocr_par' dir='ltr' id='par_1_5' title="bbox 305 1645 869 1711">
     <span class='ocr_line' id='line_1_5' title="bbox 305 1645 869 1711; baseline -0.002 -14"><span class='ocrx_word' id='word_1_13' title='bbox 305 1646 335 1697; x_wconf 81' lang='lat'>01</span> <span class='ocrx_word' id='word_1_14' title='bbox 355 1667 386 1689; x_wconf 95' lang='lat'>=</span> <span class='ocrx_word' id='word_1_15' title='bbox 405 1645 528 1696; x_wconf 88' lang='lat' dir='ltr'>eiusdem</span> <span class='ocrx_word' id='word_1_16' title='bbox 547 1645 649 1695; x_wconf 86' lang='lat' dir='ltr'>codicis</span> <span class='ocrx_word' id='word_1_17' title='bbox 666 1659 764 1696; x_wconf 87' lang='lat' dir='ltr'>manus</span> <span class='ocrx_word' id='word_1_18' title='bbox 782 1647 869 1711; x_wconf 86' lang='lat' dir='ltr'>prima</span> 
     </span>
    </p>

    <p class='ocr_par' dir='ltr' id='par_1_6' title="bbox 305 1729 1250 1798">
     <span class='ocr_line' id='line_1_6' title="bbox 305 1729 1250 1798; baseline -0.004 -14"><span class='ocrx_word' id='word_1_19' title='bbox 305 1731 337 1784; x_wconf 79' lang='lat'>02</span> <span class='ocrx_word' id='word_1_20' title='bbox 355 1753 386 1776; x_wconf 89' lang='lat'>=</span> <span class='ocrx_word' id='word_1_21' title='bbox 405 1731 528 1783; x_wconf 88' lang='lat' dir='ltr'>eiusdem</span> <span class='ocrx_word' id='word_1_22' title='bbox 547 1731 650 1781; x_wconf 87' lang='lat' dir='ltr'>oodieis</span> <span class='ocrx_word' id='word_1_23' title='bbox 669 1735 808 1783; x_wconf 81' lang='lat' dir='ltr'>corrector</span> <span class='ocrx_word' id='word_1_24' title='bbox 824 1733 928 1798; x_wconf 81' lang='lat' dir='ltr'><strong>primae</strong></span> <span class='ocrx_word' id='word_1_25' title='bbox 946 1733 1039 1782; x_wconf 89' lang='lat' dir='ltr'>manui</span> <span class='ocrx_word' id='word_1_26' title='bbox 1057 1729 1113 1782; x_wconf 84' lang='lat' dir='ltr'>fere</span> <span class='ocrx_word' id='word_1_27' title='bbox 1131 1744 1250 1782; x_wconf 88' lang='lat' dir='ltr'>eoaeuus</span> 
     </span>
    </p>

    <p class='ocr_par' dir='ltr' id='par_1_7' title="bbox 305 1811 1370 1966">
     <span class='ocr_line' id='line_1_7' title="bbox 305 1811 1370 1882; baseline -0.007 -14"><span class='ocrx_word' id='word_1_28' title='bbox 305 1818 340 1868; x_wconf 78' lang='grc' dir='ltr'>Οῃ</span> <span class='ocrx_word' id='word_1_29' title='bbox 357 1839 388 1862; x_wconf 94' lang='lat'>=</span> <span class='ocrx_word' id='word_1_30' title='bbox 407 1817 481 1868; x_wconf 89' lang='lat' dir='ltr'>idem</span> <span class='ocrx_word' id='word_1_31' title='bbox 500 1817 587 1867; x_wconf 83' lang='lat' dir='ltr'><strong>codex</strong></span> <span class='ocrx_word' id='word_1_32' title='bbox 605 1819 633 1866; x_wconf 92' lang='lat' dir='ltr'>in</span> <span class='ocrx_word' id='word_1_33' title='bbox 652 1818 691 1867; x_wconf 89' lang='lat' dir='ltr'>eis</span> <span class='ocrx_word' id='word_1_34' title='bbox 704 1817 781 1878; x_wconf 87' lang='lat' dir='ltr'>locis,</span> <span class='ocrx_word' id='word_1_35' title='bbox 801 1817 850 1866; x_wconf 88' lang='lat' dir='ltr'>ubi</span> <span class='ocrx_word' id='word_1_36' title='bbox 862 1818 934 1867; x_wconf 88' lang='lat' dir='ltr'>notis</span> <span class='ocrx_word' id='word_1_37' title='bbox 946 1816 1123 1868; x_wconf 79' lang='lat' dir='ltr'>sollemnibus</span> <span class='ocrx_word' id='word_1_38' title='bbox 1136 1815 1322 1882; x_wconf 83' lang='lat' dir='ltr'>compluribus</span> <span class='ocrx_word' id='word_1_39' title='bbox 1332 1811 1370 1862; x_wconf 89' lang='lat' dir='ltr'>uel</span> 
     </span>
     <span class='ocr_line' id='line_1_8' title="bbox 409 1903 785 1966; baseline -0.005 -12"><span class='ocrx_word' id='word_1_40' title='bbox 409 1903 522 1966; x_wconf 85' lang='lat' dir='ltr'>singulis</span> <span class='ocrx_word' id='word_1_41' title='bbox 539 1904 582 1952; x_wconf 86' lang='lat' dir='ltr'>usi</span> <span class='ocrx_word' id='word_1_42' title='bbox 601 1905 664 1952; x_wconf 81' lang='lat' dir='ltr'>sunt</span> <span class='ocrx_word' id='word_1_43' title='bbox 681 1903 785 1952; x_wconf 86' lang='lat' dir='ltr'>librarii</span> 
     </span>
    </p>

    <p class='ocr_par' dir='ltr' id='par_1_8' title="bbox 305 1985 1369 2139">
     <span class='ocr_line' id='line_1_9' title="bbox 305 1985 1369 2054; baseline -0.007 -15"><span class='ocrx_word' id='word_1_44' title='bbox 305 1989 336 2039; x_wconf 75' lang='lat'>0³</span> <span class='ocrx_word' id='word_1_45' title='bbox 358 2011 389 2032; x_wconf 98' lang='lat'>=</span> <span class='ocrx_word' id='word_1_46' title='bbox 409 1988 513 2039; x_wconf 85' lang='lat' dir='ltr'>codicis</span> <span class='ocrx_word' id='word_1_47' title='bbox 530 1987 695 2038; x_wconf 78' lang='lat' dir='ltr'>Veronensis</span> <span class='ocrx_word' id='word_1_48' title='bbox 717 1989 903 2054; x_wconf 82' lang='lat' dir='ltr'><strong>apographum</strong></span> <span class='ocrx_word' id='word_1_49' title='bbox 925 1987 1189 2039; x_wconf 78' lang='lat' dir='ltr'>studemundianum</span> <span class='ocrx_word' id='word_1_50' title='bbox 1214 1989 1294 2052; x_wconf 83' lang='lat' dir='ltr'>(anno</span> <span class='ocrx_word' id='word_1_51' title='bbox 1311 1985 1369 2050; x_wconf 72' lang='grc'><strong>1878</strong></span> 
     </span>
     <span class='ocr_line' id='line_1_10' title="bbox 408 2072 726 2139; baseline -0.006 -15"><span class='ocrx_word' id='word_1_52' title='bbox 408 2073 512 2139; x_wconf 85' lang='lat' dir='ltr'>publici</span> <span class='ocrx_word' id='word_1_53' title='bbox 532 2073 599 2123; x_wconf 89' lang='lat' dir='ltr'>iuris</span> <span class='ocrx_word' id='word_1_54' title='bbox 616 2072 726 2137; x_wconf 78' lang='lat' dir='ltr'>facturn)</span> 
     </span>
    </p>

    <p class='ocr_par' dir='ltr' id='par_1_9' title="bbox 306 2157 1371 2396">
     <span class='ocr_line' id='line_1_11' title="bbox 306 2157 1371 2224; baseline -0.004 -14"><span class='ocrx_word' id='word_1_55' title='bbox 306 2160 390 2210; x_wconf 71' lang='lat'>0³⁸:</span> <span class='ocrx_word' id='word_1_56' title='bbox 410 2159 597 2224; x_wconf 67' lang='lat' dir='ltr'>supplementa</span> <span class='ocrx_word' id='word_1_57' title='bbox 621 2160 656 2209; x_wconf 81' lang='lat' dir='ltr'>ad</span> <span class='ocrx_word' id='word_1_58' title='bbox 675 2159 778 2210; x_wconf 86' lang='lat' dir='ltr'>codicis</span> <span class='ocrx_word' id='word_1_59' title='bbox 797 2161 960 2210; x_wconf 84' lang='lat' dir='ltr'>Veronensis</span> <span class='ocrx_word' id='word_1_60' title='bbox 984 2159 1169 2224; x_wconf 80' lang='lat' dir='ltr'>apographum</span> <span class='ocrx_word' id='word_1_61' title='bbox 1187 2157 1371 2210; x_wconf 81' lang='lat' dir='ltr'>studemundi-</span> 
     </span>
     <span class='ocr_line' id='line_1_12' title="bbox 411 2243 1371 2296; baseline -0.005 -1"><span class='ocrx_word' id='word_1_62' title='bbox 411 2257 494 2295; x_wconf 89' lang='lat' dir='ltr'>anum</span> <span class='ocrx_word' id='word_1_63' title='bbox 518 2258 589 2295; x_wconf 86' lang='lat' dir='ltr'>anno</span> <span class='ocrx_word' id='word_1_64' title='bbox 609 2249 674 2295; x_wconf 76' lang='grc'><strong>1878</strong></span> <span class='ocrx_word' id='word_1_65' title='bbox 699 2248 725 2295; x_wconf 85' lang='lat' dir='ltr'>et</span> <span class='ocrx_word' id='word_1_66' title='bbox 745 2249 809 2296; x_wconf 80' lang='grc'><strong>1888</strong></span> <span class='ocrx_word' id='word_1_67' title='bbox 835 2246 1055 2296; x_wconf 73' lang='lat' dir='ltr'>astudemundo</span> <span class='ocrx_word' id='word_1_68' title='bbox 1074 2247 1196 2296; x_wconf 81' lang='lat' dir='ltr'>Veronae</span> <span class='ocrx_word' id='word_1_69' title='bbox 1218 2245 1328 2296; x_wconf 85' lang='lat' dir='ltr'>collecta</span> <span class='ocrx_word' id='word_1_70' title='bbox 1348 2243 1371 2292; x_wconf 87' lang='lat' dir='ltr'>et</span> 
     </span>
     <span class='ocr_line' id='line_1_13' title="bbox 409 2330 773 2396; baseline 0.008 -16"><span class='ocrx_word' id='word_1_71' title='bbox 409 2331 474 2381; x_wconf 88' lang='lat' dir='ltr'>huie</span> <span class='ocrx_word' id='word_1_72' title='bbox 492 2330 605 2380; x_wconf 76' lang='lat' dir='ltr'>editioni</span> <span class='ocrx_word' id='word_1_73' title='bbox 623 2333 773 2396; x_wconf 85' lang='lat' dir='ltr'>praemissa</span> 
     </span>
    </p>

    <p class='ocr_par' dir='ltr' id='par_1_10' title="bbox 302 2414 1371 2553">
     <span class='ocr_line' id='line_1_14' title="bbox 302 2414 1371 2483; baseline -0.005 -17"><span class='ocrx_word' id='word_1_74' title='bbox 302 2414 313 2483; x_wconf 90' lang='lat'><strong>&lt;</strong></span> <span class='ocrx_word' id='word_1_75' title='bbox 348 2416 359 2483; x_wconf 86' lang='lat'><strong>&gt;</strong></span> <span class='ocrx_word' id='word_1_76' title='bbox 409 2417 452 2468; x_wconf 90' lang='lat' dir='ltr'>his</span> <span class='ocrx_word' id='word_1_77' title='bbox 469 2418 579 2467; x_wconf 85' lang='lat' dir='ltr'>uncinis</span> <span class='ocrx_word' id='word_1_78' title='bbox 596 2431 666 2480; x_wconf 88' lang='lat' dir='ltr'>quae</span> <span class='ocrx_word' id='word_1_79' title='bbox 686 2418 892 2482; x_wconf 82' lang='lat' dir='ltr'>circumscripto</span> <span class='ocrx_word' id='word_1_80' title='bbox 910 2419 982 2478; x_wconf 80' lang='lat' dir='ltr'>sunt,</span> <span class='ocrx_word' id='word_1_81' title='bbox 1003 2432 1018 2468; x_wconf 87' lang='lat' dir='ltr'>a</span> <span class='ocrx_word' id='word_1_82' title='bbox 1033 2416 1053 2468; x_wconf 84' lang='lat' dir='ltr'><em>G</em></span> <span class='ocrx_word' id='word_1_83' title='bbox 1068 2417 1168 2468; x_wconf 81' lang='lat' dir='ltr'>absunt</span> <span class='ocrx_word' id='word_1_84' title='bbox 1180 2417 1291 2468; x_wconf 82' lang='lat' dir='ltr'>lacunae</span> <span class='ocrx_word' id='word_1_85' title='bbox 1303 2416 1371 2478; x_wconf 79' lang='lat' dir='ltr'>signo</span> 
     </span>
     <span class='ocr_line' id='line_1_15' title="bbox 407 2502 595 2553; baseline 0 -1"><span class='ocrx_word' id='word_1_86' title='bbox 407 2502 482 2553; x_wconf 91' lang='lat' dir='ltr'>nullo</span> <span class='ocrx_word' id='word_1_87' title='bbox 501 2502 595 2553; x_wconf 85' lang='lat' dir='ltr'>relicto</span> 
     </span>
    </p>

    <p class='ocr_par' dir='ltr' id='par_1_11' title="bbox 304 2585 1369 2726">
     <span class='ocr_line' id='line_1_16' title="bbox 304 2585 1369 2654; baseline 0.002 -15"><span class='ocrx_word' id='word_1_88' title='bbox 304 2588 312 2651; x_wconf 95' lang='lat'>[</span> <span class='ocrx_word' id='word_1_89' title='bbox 348 2590 356 2653; x_wconf 90' lang='lat'>]</span> <span class='ocrx_word' id='word_1_90' title='bbox 408 2590 450 2639; x_wconf 92' lang='lat' dir='ltr'>his</span> <span class='ocrx_word' id='word_1_91' title='bbox 467 2589 576 2638; x_wconf 88' lang='lat' dir='ltr'>uncinis</span> <span class='ocrx_word' id='word_1_92' title='bbox 594 2603 663 2654; x_wconf 86' lang='lat' dir='ltr'>quae</span> <span class='ocrx_word' id='word_1_93' title='bbox 682 2591 888 2654; x_wconf 83' lang='lat' dir='ltr'>circumscripta</span> <span class='ocrx_word' id='word_1_94' title='bbox 906 2591 977 2648; x_wconf 84' lang='lat' dir='ltr'>sunt,</span> <span class='ocrx_word' id='word_1_95' title='bbox 997 2589 1095 2640; x_wconf 84' lang='lat' dir='ltr'>tradita</span> <span class='ocrx_word' id='word_1_96' title='bbox 1108 2589 1220 2653; x_wconf 87' lang='lat' dir='ltr'>quidem</span> <span class='ocrx_word' id='word_1_97' title='bbox 1232 2592 1293 2640; x_wconf 88' lang='lat' dir='ltr'>sunt</span> <span class='ocrx_word' id='word_1_98' title='bbox 1304 2589 1329 2637; x_wconf 94' lang='lat' dir='ltr'>in</span> <span class='ocrx_word' id='word_1_99' title='bbox 1345 2585 1369 2642; x_wconf 81' lang='lat' dir='ltr'>G,</span> 
     </span>
     <span class='ocr_line' id='line_1_17' title="bbox 409 2674 725 2726; baseline -0.006 0"><span class='ocrx_word' id='word_1_100' title='bbox 409 2675 457 2726; x_wconf 91' lang='lat' dir='ltr'>sed</span> <span class='ocrx_word' id='word_1_101' title='bbox 475 2675 569 2725; x_wconf 86' lang='lat' dir='ltr'>abesse</span> <span class='ocrx_word' id='word_1_102' title='bbox 588 2674 725 2725; x_wconf 86' lang='lat' dir='ltr'>debebant</span> 
     </span>
    </p>

    <p class='ocr_par' dir='ltr' id='par_1_12' title="bbox 303 2760 1104 2824">
     <span class='ocr_line' id='line_1_18' title="bbox 303 2760 1104 2824; baseline -0.002 -14"><span class='ocrx_word' id='word_1_103' title='bbox 303 2760 369 2810; x_wconf 90' lang='lat' dir='ltr'>Coll.</span> <span class='ocrx_word' id='word_1_104' title='bbox 391 2781 423 2802; x_wconf 93' lang='lat'>=</span> <span class='ocrx_word' id='word_1_105' title='bbox 442 2761 553 2811; x_wconf 85' lang='lat' dir='ltr'>Collatio</span> <span class='ocrx_word' id='word_1_106' title='bbox 572 2761 663 2824; x_wconf 82' lang='lat' dir='ltr'>legum</span> <span class='ocrx_word' id='word_1_107' title='bbox 681 2761 860 2811; x_wconf 83' lang='lat' dir='ltr'>Mosnicarum</span> <span class='ocrx_word' id='word_1_108' title='bbox 880 2764 906 2811; x_wconf 85' lang='lat' dir='ltr'>et</span> <span class='ocrx_word' id='word_1_109' title='bbox 924 2763 1104 2812; x_wconf 85' lang='lat' dir='ltr'>Romanarum</span> 
     </span>
    </p>

    <p class='ocr_par' dir='ltr' id='par_1_13' title="bbox 303 2845 708 2909">
     <span class='ocr_line' id='line_1_19' title="bbox 303 2845 708 2909; baseline 0.002 -16"><span class='ocrx_word' id='word_1_110' title='bbox 303 2845 360 2908; x_wconf 82' lang='lat' dir='ltr'>Dig.</span> <span class='ocrx_word' id='word_1_111' title='bbox 390 2867 422 2888; x_wconf 95' lang='lat'>=</span> <span class='ocrx_word' id='word_1_112' title='bbox 441 2847 548 2909; x_wconf 83' lang='lat' dir='ltr'>Digesto</span> <span class='ocrx_word' id='word_1_113' title='bbox 566 2846 708 2896; x_wconf 76' lang='lat' dir='ltr'>Iustiniani</span> 
     </span>
    </p>

    <p class='ocr_par' dir='ltr' id='par_1_14' title="bbox 303 2931 794 2981">
     <span class='ocr_line' id='line_1_20' title="bbox 303 2931 794 2981; baseline 0.002 -2"><span class='ocrx_word' id='word_1_114' title='bbox 303 2932 368 2980; x_wconf 88' lang='lat' dir='ltr'>inst.</span> <span class='ocrx_word' id='word_1_115' title='bbox 389 2951 421 2972; x_wconf 94' lang='lat'>=</span> <span class='ocrx_word' id='word_1_116' title='bbox 440 2931 625 2981; x_wconf 85' lang='lat' dir='ltr'>institutiones</span> <span class='ocrx_word' id='word_1_117' title='bbox 642 2931 794 2980; x_wconf 80' lang='lat' dir='ltr'>Iustiniani.</span> 
     </span>
    </p>

    <p class='ocr_par' dir='ltr' id='par_1_15' title="bbox 302 3014 681 3080">
     <span class='ocr_line' id='line_1_21' title="bbox 302 3014 681 3080; baseline 0.008 -17"><span class='ocrx_word' id='word_1_118' title='bbox 302 3014 361 3064; x_wconf 84' lang='lat' dir='ltr'>Alia</span> <span class='ocrx_word' id='word_1_119' title='bbox 379 3015 443 3065; x_wconf 89' lang='lat' dir='ltr'>uide</span> <span class='ocrx_word' id='word_1_120' title='bbox 462 3017 489 3064; x_wconf 93' lang='lat' dir='ltr'>in</span> <span class='ocrx_word' id='word_1_121' title='bbox 507 3015 681 3080; x_wconf 82' lang='lat' dir='ltr'>praefatione.</span> 
     </span>
    </p>
   </div>
   <div class='ocr_carea' id='block_1_5' title="bbox 0 0 1472 4764">
    <p class='ocr_par' dir='ltr' id='par_1_16' title="bbox 0 0 1472 4764">
     <span class='ocr_line' id='line_1_22' title="bbox 0 0 1472 4764; baseline 0 0"><span class='ocrx_word' id='word_1_122' title='bbox 0 0 1472 4764; x_wconf 95' lang='lat' dir='ltr'> </span> 
     </span>
    </p>
   </div>
  </div>
 </body>
</html>
