<?xml version="1.0" encoding="UTF-8"?>
<!DOCTYPE html PUBLIC "-//W3C//DTD XHTML 1.0 Transitional//EN"
    "http://www.w3.org/TR/xhtml1/DTD/xhtml1-transitional.dtd">
<html xmlns="http://www.w3.org/1999/xhtml" xml:lang="en" lang="en">
 <head>
  <title>
</title>
<meta http-equiv="Content-Type" content="text/html;charset=utf-8" />
  <meta name='ocr-system' content='tesseract 3.04.00' />
  <meta name='ocr-capabilities' content='ocr_page ocr_carea ocr_par ocr_line ocrx_word'/>
</head>
<body>
  <div class='ocr_page' id='page_1' title='image "./gaiinstitvtione00kruegoog_0015.png"; bbox 0 0 2908 4764; ppageno 0'>
   <div class='ocr_carea' id='block_1_1' title="bbox 484 383 783 425">
    <p class='ocr_par' dir='ltr' id='par_1_1' title="bbox 484 383 783 425">
     <span class='ocr_line' id='line_1_1' title="bbox 484 383 783 425; baseline 0 -1"><span class='ocrx_word' id='word_1_1' title='bbox 484 383 783 425; x_wconf 77' lang='lat' dir='ltr'><strong>--vi1·--</strong></span> 
     </span>
    </p>
   </div>
   <div class='ocr_carea' id='block_1_2' title="bbox 59 551 1228 2702">
    <p class='ocr_par' dir='ltr' id='par_1_2' title="bbox 59 551 1228 2702">
     <span class='ocr_line' id='line_1_2' title="bbox 59 551 1226 633; baseline 0.002 -17"><span class='ocrx_word' id='word_1_2' title='bbox 59 574 98 616; x_wconf 90' lang='lat' dir='ltr'><strong>me</strong></span> <span class='ocrx_word' id='word_1_3' title='bbox 118 554 239 632; x_wconf 82' lang='lat' dir='ltr'><strong>angitue</strong></span> <span class='ocrx_word' id='word_1_4' title='bbox 261 551 474 614; x_wconf 89' lang='lat' dir='ltr'><strong>conscientia:</strong></span> <span class='ocrx_word' id='word_1_5' title='bbox 500 570 577 614; x_wconf 91' lang='lat' dir='ltr'><strong>sane</strong></span> <span class='ocrx_word' id='word_1_6' title='bbox 600 571 757 632; x_wconf 83' lang='lat' dir='ltr'>nusquam</span> <span class='ocrx_word' id='word_1_7' title='bbox 780 555 941 633; x_wconf 87' lang='lat' dir='ltr'><strong>grauiores</strong></span> <span class='ocrx_word' id='word_1_8' title='bbox 963 554 1052 618; x_wconf 91' lang='lat' dir='ltr'><strong>labes</strong></span> <span class='ocrx_word' id='word_1_9' title='bbox 1072 558 1226 619; x_wconf 80' lang='lat' dir='ltr'><strong>contraxit</strong></span> 
     </span>
     <span class='ocr_line' id='line_1_3' title="bbox 60 638 1226 720; baseline 0.003 -19"><span class='ocrx_word' id='word_1_10' title='bbox 60 639 141 702; x_wconf 81' lang='lat' dir='ltr'><strong>codex</strong></span> <span class='ocrx_word' id='word_1_11' title='bbox 154 640 185 699; x_wconf 91' lang='lat' dir='ltr'><strong>in</strong></span> <span class='ocrx_word' id='word_1_12' title='bbox 201 639 247 700; x_wconf 89' lang='lat' dir='ltr'><strong>eis</strong></span> <span class='ocrx_word' id='word_1_13' title='bbox 259 638 349 716; x_wconf 89' lang='lat' dir='ltr'><strong>locis,</strong></span> <span class='ocrx_word' id='word_1_14' title='bbox 368 656 446 719; x_wconf 92' lang='lat' dir='ltr'><strong>quos</strong></span> <span class='ocrx_word' id='word_1_15' title='bbox 457 639 516 701; x_wconf 90' lang='lat' dir='ltr'><strong>hoc</strong></span> <span class='ocrx_word' id='word_1_16' title='bbox 528 638 668 701; x_wconf 88' lang='lat' dir='ltr'><strong>remedio</strong></span> <span class='ocrx_word' id='word_1_17' title='bbox 679 639 754 701; x_wconf 93' lang='lat' dir='ltr'><strong>olim</strong></span> <span class='ocrx_word' id='word_1_18' title='bbox 766 648 1011 720; x_wconf 89' lang='lat' dir='ltr'><strong>temptaueram;</strong></span> <span class='ocrx_word' id='word_1_19' title='bbox 1032 642 1128 704; x_wconf 90' lang='lat' dir='ltr'><strong>huius</strong></span> <span class='ocrx_word' id='word_1_20' title='bbox 1140 645 1226 704; x_wconf 90' lang='lat' dir='ltr'><strong>enim</strong></span> 
     </span>
     <span class='ocr_line' id='line_1_4' title="bbox 59 723 1225 808; baseline 0.003 -20"><span class='ocrx_word' id='word_1_21' title='bbox 59 745 105 806; x_wconf 93' lang='lat' dir='ltr'><strong>ope</strong></span> <span class='ocrx_word' id='word_1_22' title='bbox 118 734 273 805; x_wconf 76' lang='lat' dir='ltr'><strong>tamquam</strong></span> <span class='ocrx_word' id='word_1_23' title='bbox 296 725 369 787; x_wconf 90' lang='lat' dir='ltr'><strong>uelo</strong></span> <span class='ocrx_word' id='word_1_24' title='bbox 392 724 531 787; x_wconf 85' lang='lat' dir='ltr'><strong>detracto</strong></span> <span class='ocrx_word' id='word_1_25' title='bbox 554 723 695 787; x_wconf 89' lang='lat' dir='ltr'><strong>nudatur</strong></span> <span class='ocrx_word' id='word_1_26' title='bbox 709 727 840 805; x_wconf 88' lang='lat' dir='ltr'><strong>antiqua</strong></span> <span class='ocrx_word' id='word_1_27' title='bbox 855 727 1022 806; x_wconf 88' lang='lat' dir='ltr'><strong>scriptura,</strong></span> <span class='ocrx_word' id='word_1_28' title='bbox 1050 727 1225 808; x_wconf 89' lang='lat' dir='ltr'><strong>eademque</strong></span> 
     </span>
     <span class='ocr_line' id='line_1_5' title="bbox 60 808 1227 892; baseline 0.003 -20"><span class='ocrx_word' id='word_1_29' title='bbox 60 813 126 872; x_wconf 88' lang='lat' dir='ltr'><strong>intra</strong></span> <span class='ocrx_word' id='word_1_30' title='bbox 140 813 288 892; x_wconf 87' lang='lat' dir='ltr'><strong>exiguum</strong></span> <span class='ocrx_word' id='word_1_31' title='bbox 302 821 428 891; x_wconf 89' lang='lat' dir='ltr'><strong>tempus</strong></span> <span class='ocrx_word' id='word_1_32' title='bbox 443 808 548 872; x_wconf 91' lang='lat' dir='ltr'><strong>denuo</strong></span> <span class='ocrx_word' id='word_1_33' title='bbox 560 811 703 891; x_wconf 90' lang='lat' dir='ltr'><strong>operitur</strong></span> <span class='ocrx_word' id='word_1_34' title='bbox 714 812 790 874; x_wconf 88' lang='lat' dir='ltr'><strong>etin</strong></span> <span class='ocrx_word' id='word_1_35' title='bbox 802 820 928 874; x_wconf 90' lang='lat' dir='ltr'><strong>ueteres</strong></span> <span class='ocrx_word' id='word_1_36' title='bbox 939 811 1088 875; x_wconf 81' lang='lat' dir='ltr'><strong>tenebras</strong></span> <span class='ocrx_word' id='word_1_37' title='bbox 1100 813 1227 876; x_wconf 89' lang='lat' dir='ltr'><strong>demer-</strong></span> 
     </span>
     <span class='ocr_line' id='line_1_6' title="bbox 59 895 1226 978; baseline 0.002 -19"><span class='ocrx_word' id='word_1_38' title='bbox 59 900 138 978; x_wconf 87' lang='lat' dir='ltr'><strong>gitur.</strong></span> <span class='ocrx_word' id='word_1_39' title='bbox 176 897 291 960; x_wconf 87' lang='lat' dir='ltr'><strong>Contra</strong></span> <span class='ocrx_word' id='word_1_40' title='bbox 314 915 376 958; x_wconf 91' lang='lat' dir='ltr'><strong>non</strong></span> <span class='ocrx_word' id='word_1_41' title='bbox 397 897 491 977; x_wconf 92' lang='lat' dir='ltr'><strong>pauci</strong></span> <span class='ocrx_word' id='word_1_42' title='bbox 514 899 618 958; x_wconf 90' lang='lat' dir='ltr'><strong>exeis</strong></span> <span class='ocrx_word' id='word_1_43' title='bbox 639 898 726 978; x_wconf 83' lang='lat' dir='ltr'><strong>locis,</strong></span> <span class='ocrx_word' id='word_1_44' title='bbox 750 895 790 958; x_wconf 91' lang='lat' dir='ltr'><strong>ad</strong></span> <span class='ocrx_word' id='word_1_45' title='bbox 806 916 885 977; x_wconf 88' lang='lat' dir='ltr'><strong>quos</strong></span> <span class='ocrx_word' id='word_1_46' title='bbox 899 897 1050 978; x_wconf 85' lang='lat' dir='ltr'><strong>legendos</strong></span> <span class='ocrx_word' id='word_1_47' title='bbox 1065 901 1140 962; x_wconf 93' lang='lat' dir='ltr'><strong>olim</strong></span> <span class='ocrx_word' id='word_1_48' title='bbox 1156 901 1226 962; x_wconf 91' lang='lat' dir='ltr'><strong>len-</strong></span> 
     </span>
     <span class='ocr_line' id='line_1_7' title="bbox 59 981 1227 1066; baseline 0.003 -22"><span class='ocrx_word' id='word_1_49' title='bbox 59 985 124 1044; x_wconf 90' lang='lat' dir='ltr'><strong>tiore</strong></span> <span class='ocrx_word' id='word_1_50' title='bbox 136 985 167 1046; x_wconf 92' lang='lat' dir='ltr'><strong>ui</strong></span> <span class='ocrx_word' id='word_1_51' title='bbox 180 983 259 1046; x_wconf 89' lang='lat' dir='ltr'><strong>kalii</strong></span> <span class='ocrx_word' id='word_1_52' title='bbox 276 982 454 1064; x_wconf 82' lang='lat' dir='ltr'><strong>sulphurati</strong></span> <span class='ocrx_word' id='word_1_53' title='bbox 470 1001 548 1044; x_wconf 90' lang='lat' dir='ltr'><strong>usus</strong></span> <span class='ocrx_word' id='word_1_54' title='bbox 563 981 691 1066; x_wconf 66' lang='lat' dir='ltr'><strong>eremi),</strong></span> <span class='ocrx_word' id='word_1_55' title='bbox 712 1003 794 1045; x_wconf 89' lang='lat' dir='ltr'><strong>anno</strong></span> <span class='ocrx_word' id='word_1_56' title='bbox 809 982 890 1044; x_wconf 78' lang='lat' dir='ltr'><strong>ieie</strong></span> <span class='ocrx_word' id='word_1_57' title='bbox 908 993 940 1045; x_wconf 93' lang='lat' dir='ltr'><strong>et</strong></span> <span class='ocrx_word' id='word_1_58' title='bbox 954 1003 1035 1047; x_wconf 92' lang='lat' dir='ltr'><strong>anno</strong></span> <span class='ocrx_word' id='word_1_59' title='bbox 1049 987 1129 1047; x_wconf 89' lang='lat' dir='ltr'><strong>l883</strong></span> <span class='ocrx_word' id='word_1_60' title='bbox 1148 985 1227 1049; x_wconf 92' lang='lat' dir='ltr'><strong>faci-</strong></span> 
     </span>
     <span class='ocr_line' id='line_1_8' title="bbox 60 1069 1227 1151; baseline 0.002 -20"><span class='ocrx_word' id='word_1_61' title='bbox 60 1070 109 1132; x_wconf 90' lang='lat' dir='ltr'><strong>lius</strong></span> <span class='ocrx_word' id='word_1_62' title='bbox 126 1089 159 1132; x_wconf 92' lang='lat' dir='ltr'><strong>ac</strong></span> <span class='ocrx_word' id='word_1_63' title='bbox 178 1070 310 1151; x_wconf 84' lang='lat' dir='ltr'><strong>plenius</strong></span> <span class='ocrx_word' id='word_1_64' title='bbox 331 1069 395 1150; x_wconf 89' lang='lat' dir='ltr'><strong>legi</strong></span> <span class='ocrx_word' id='word_1_65' title='bbox 416 1077 589 1150; x_wconf 91' lang='lat' dir='ltr'><strong>potuerunt</strong></span> <span class='ocrx_word' id='word_1_66' title='bbox 611 1088 706 1150; x_wconf 92' lang='lat' dir='ltr'><strong>quam</strong></span> <span class='ocrx_word' id='word_1_67' title='bbox 733 1088 815 1131; x_wconf 93' lang='lat' dir='ltr'><strong>anno</strong></span> <span class='ocrx_word' id='word_1_68' title='bbox 840 1071 933 1132; x_wconf 78' lang='lat' dir='ltr'><strong>teet.</strong></span> <span class='ocrx_word' id='word_1_69' title='bbox 980 1072 1089 1151; x_wconf 90' lang='lat' dir='ltr'><strong>ltaque</strong></span> <span class='ocrx_word' id='word_1_70' title='bbox 1112 1073 1227 1134; x_wconf 90' lang='lat' dir='ltr'><strong>acriter</strong></span> 
     </span>
     <span class='ocr_line' id='line_1_9' title="bbox 61 1155 1226 1235; baseline 0.002 -19"><span class='ocrx_word' id='word_1_71' title='bbox 61 1155 160 1218; x_wconf 89' lang='lat' dir='ltr'><strong>intenta</strong></span> <span class='ocrx_word' id='word_1_72' title='bbox 173 1156 335 1218; x_wconf 89' lang='lat' dir='ltr'><strong>oculorum</strong></span> <span class='ocrx_word' id='word_1_73' title='bbox 347 1155 413 1217; x_wconf 89' lang='lat' dir='ltr'><strong>acie</strong></span> <span class='ocrx_word' id='word_1_74' title='bbox 425 1155 649 1218; x_wconf 91' lang='lat' dir='ltr'><strong>nonnullorum</strong></span> <span class='ocrx_word' id='word_1_75' title='bbox 660 1156 797 1218; x_wconf 90' lang='lat' dir='ltr'><strong>locorum</strong></span> <span class='ocrx_word' id='word_1_76' title='bbox 810 1155 1048 1235; x_wconf 90' lang='lat' dir='ltr'><strong>desperatorum</strong></span> <span class='ocrx_word' id='word_1_77' title='bbox 1059 1158 1226 1220; x_wconf 90' lang='lat' dir='ltr'><strong>lectionem</strong></span> 
     </span>
     <span class='ocr_line' id='line_1_10' title="bbox 60 1239 1225 1324; baseline 0 -20"><span class='ocrx_word' id='word_1_78' title='bbox 60 1243 219 1322; x_wconf 88' lang='lat' dir='ltr'><strong>nuperrime</strong></span> <span class='ocrx_word' id='word_1_79' title='bbox 234 1241 392 1323; x_wconf 89' lang='lat' dir='ltr'><strong>perficere</strong></span> <span class='ocrx_word' id='word_1_80' title='bbox 408 1241 508 1322; x_wconf 92' lang='lat' dir='ltr'><strong>potui,</strong></span> <span class='ocrx_word' id='word_1_81' title='bbox 523 1241 556 1302; x_wconf 93' lang='lat' dir='ltr'><strong>in</strong></span> <span class='ocrx_word' id='word_1_82' title='bbox 572 1242 643 1304; x_wconf 91' lang='lat' dir='ltr'><strong>aliis</strong></span> <span class='ocrx_word' id='word_1_83' title='bbox 659 1241 693 1304; x_wconf 95' lang='lat' dir='ltr'><strong>id</strong></span> <span class='ocrx_word' id='word_1_84' title='bbox 708 1251 793 1304; x_wconf 90' lang='lat' dir='ltr'><strong>certe</strong></span> <span class='ocrx_word' id='word_1_85' title='bbox 809 1239 990 1305; x_wconf 90' lang='lat' dir='ltr'><strong>discernere</strong></span> <span class='ocrx_word' id='word_1_86' title='bbox 1002 1246 1103 1324; x_wconf 91' lang='lat' dir='ltr'><strong>potui,</strong></span> <span class='ocrx_word' id='word_1_87' title='bbox 1118 1253 1225 1306; x_wconf 91' lang='lat' dir='ltr'><strong>utrum</strong></span> 
     </span>
     <span class='ocr_line' id='line_1_11' title="bbox 61 1325 1226 1411; baseline 0.003 -23"><span class='ocrx_word' id='word_1_88' title='bbox 61 1327 86 1389; x_wconf 90' lang='lat' dir='ltr'><strong>id</strong></span> <span class='ocrx_word' id='word_1_89' title='bbox 104 1329 178 1408; x_wconf 89' lang='lat' dir='ltr'><strong>qnod</strong></span> <span class='ocrx_word' id='word_1_90' title='bbox 199 1339 255 1391; x_wconf 92' lang='lat' dir='ltr'><strong>aut</strong></span> <span class='ocrx_word' id='word_1_91' title='bbox 277 1347 295 1390; x_wconf 90' lang='lat' dir='ltr'><strong>a</strong></span> <span class='ocrx_word' id='word_1_92' title='bbox 318 1327 416 1390; x_wconf 83' lang='lat' dir='ltr'><strong>nobis¹</strong></span> <span class='ocrx_word' id='word_1_93' title='bbox 434 1336 489 1389; x_wconf 92' lang='lat' dir='ltr'><strong>aut</strong></span> <span class='ocrx_word' id='word_1_94' title='bbox 510 1325 551 1389; x_wconf 91' lang='lat' dir='ltr'><strong>ab</strong></span> <span class='ocrx_word' id='word_1_95' title='bbox 574 1327 644 1390; x_wconf 92' lang='lat' dir='ltr'><strong>aliis</strong></span> <span class='ocrx_word' id='word_1_96' title='bbox 666 1329 746 1390; x_wconf 89' lang='lat' dir='ltr'><strong>uiris</strong></span> <span class='ocrx_word' id='word_1_97' title='bbox 776 1325 908 1411; x_wconf 80' lang='lat' dir='ltr'><strong>doctis4)</strong></span> <span class='ocrx_word' id='word_1_98' title='bbox 943 1327 1119 1392; x_wconf 91' lang='lat' dir='ltr'><strong>diuinando</strong></span> <span class='ocrx_word' id='word_1_99' title='bbox 1150 1349 1226 1392; x_wconf 90' lang='lat' dir='ltr'><strong>oon-</strong></span> 
     </span>
     <span class='ocr_line' id='line_1_12' title="bbox 61 1412 1225 1496; baseline 0.003 -22"><span class='ocrx_word' id='word_1_100' title='bbox 61 1414 156 1476; x_wconf 90' lang='lat' dir='ltr'><strong>ieetum</strong></span> <span class='ocrx_word' id='word_1_101' title='bbox 176 1423 278 1494; x_wconf 89' lang='lat' dir='ltr'><strong>esset,</strong></span> <span class='ocrx_word' id='word_1_102' title='bbox 312 1415 345 1475; x_wconf 92' lang='lat' dir='ltr'><strong>in</strong></span> <span class='ocrx_word' id='word_1_103' title='bbox 375 1412 482 1476; x_wconf 91' lang='lat' dir='ltr'><strong>codice</strong></span> <span class='ocrx_word' id='word_1_104' title='bbox 506 1421 613 1476; x_wconf 83' lang='lat' dir='ltr'><strong>extare</strong></span> <span class='ocrx_word' id='word_1_105' title='bbox 636 1415 775 1494; x_wconf 91' lang='lat' dir='ltr'><strong>potuerit</strong></span> <span class='ocrx_word' id='word_1_106' title='bbox 801 1433 915 1476; x_wconf 92' lang='lat' dir='ltr'><strong>necne.</strong></span> <span class='ocrx_word' id='word_1_107' title='bbox 966 1413 1072 1496; x_wconf 80' lang='lat' dir='ltr'><strong>Atque</strong></span> <span class='ocrx_word' id='word_1_108' title='bbox 1102 1417 1225 1478; x_wconf 88' lang='lat' dir='ltr'><strong>utinam</strong></span> 
     </span>
     <span class='ocr_line' id='line_1_13' title="bbox 62 1499 1225 1581; baseline 0.003 -20"><span class='ocrx_word' id='word_1_109' title='bbox 62 1503 166 1581; x_wconf 89' lang='lat' dir='ltr'><strong>saepius</strong></span> <span class='ocrx_word' id='word_1_110' title='bbox 187 1503 387 1564; x_wconf 90' lang='lat' dir='ltr'><strong>coniecturae</strong></span> <span class='ocrx_word' id='word_1_111' title='bbox 409 1509 455 1562; x_wconf 91' lang='lat' dir='ltr'><strong>tot</strong></span> <span class='ocrx_word' id='word_1_112' title='bbox 476 1499 640 1562; x_wconf 86' lang='lat' dir='ltr'><strong>laboribus</strong></span> <span class='ocrx_word' id='word_1_113' title='bbox 663 1501 857 1581; x_wconf 77' lang='lat' dir='ltr'><strong>excogitatae</strong></span> <span class='ocrx_word' id='word_1_114' title='bbox 884 1500 992 1563; x_wconf 89' lang='lat' dir='ltr'><strong>codice</strong></span> <span class='ocrx_word' id='word_1_115' title='bbox 1024 1501 1225 1564; x_wconf 84' lang='lat' dir='ltr'><strong>confirmatae</strong></span> 
     </span>
     <span class='ocr_line' id='line_1_14' title="bbox 61 1585 1224 1669; baseline 0.003 -23"><span class='ocrx_word' id='word_1_116' title='bbox 61 1587 160 1648; x_wconf 91' lang='lat' dir='ltr'><strong>essenti</strong></span> <span class='ocrx_word' id='word_1_117' title='bbox 199 1585 239 1648; x_wconf 82' lang='lat' dir='ltr'><strong>At</strong></span> <span class='ocrx_word' id='word_1_118' title='bbox 255 1605 450 1667; x_wconf 90' lang='lat' dir='ltr'><strong>quamquam</strong></span> <span class='ocrx_word' id='word_1_119' title='bbox 466 1605 523 1666; x_wconf 84' lang='lat' dir='ltr'><strong>ego</strong></span> <span class='ocrx_word' id='word_1_120' title='bbox 538 1595 570 1648; x_wconf 90' lang='lat' dir='ltr'><strong>et</strong></span> <span class='ocrx_word' id='word_1_121' title='bbox 585 1588 728 1667; x_wconf 89' lang='lat' dir='ltr'><strong>Krueger</strong></span> <span class='ocrx_word' id='word_1_122' title='bbox 743 1586 905 1666; x_wconf 89' lang='lat' dir='ltr'><strong>aliquanto</strong></span> <span class='ocrx_word' id='word_1_123' title='bbox 922 1589 1046 1650; x_wconf 86' lang='lat' dir='ltr'><strong>cantius</strong></span> <span class='ocrx_word' id='word_1_124' title='bbox 1062 1589 1224 1669; x_wconf 90' lang='lat' dir='ltr'><strong>plerisque</strong></span> 
     </span>
     <span class='ocr_line' id='line_1_15' title="bbox 61 1671 1225 1754; baseline 0.003 -21"><span class='ocrx_word' id='word_1_125' title='bbox 61 1691 159 1751; x_wconf 86' lang='lat' dir='ltr'><strong>eorum,</strong></span> <span class='ocrx_word' id='word_1_126' title='bbox 183 1674 238 1754; x_wconf 91' lang='lat' dir='ltr'><strong>qui</strong></span> <span class='ocrx_word' id='word_1_127' title='bbox 261 1681 336 1734; x_wconf 92' lang='lat' dir='ltr'><strong>ante</strong></span> <span class='ocrx_word' id='word_1_128' title='bbox 358 1691 416 1734; x_wconf 93' lang='lat' dir='ltr'><strong>nos</strong></span> <span class='ocrx_word' id='word_1_129' title='bbox 431 1671 472 1734; x_wconf 89' lang='lat' dir='ltr'><strong>ad</strong></span> <span class='ocrx_word' id='word_1_130' title='bbox 486 1672 599 1734; x_wconf 90' lang='lat' dir='ltr'><strong>Gaium</strong></span> <span class='ocrx_word' id='word_1_131' title='bbox 615 1671 850 1734; x_wconf 91' lang='lat' dir='ltr'><strong>emendandum</strong></span> <span class='ocrx_word' id='word_1_132' title='bbox 865 1682 1072 1753; x_wconf 88' lang='lat' dir='ltr'><strong>accesserant,</strong></span> <span class='ocrx_word' id='word_1_133' title='bbox 1099 1676 1132 1735; x_wconf 93' lang='lat' dir='ltr'><strong>in</strong></span> <span class='ocrx_word' id='word_1_134' title='bbox 1148 1675 1225 1736; x_wconf 88' lang='lat' dir='ltr'><strong>locis</strong></span> 
     </span>
     <span class='ocr_line' id='line_1_16' title="bbox 61 1757 1227 1840; baseline 0.003 -24"><span class='ocrx_word' id='word_1_135' title='bbox 61 1757 194 1821; x_wconf 89' lang='lat' dir='ltr'><strong>lacunosis</strong></span> <span class='ocrx_word' id='word_1_136' title='bbox 217 1761 317 1820; x_wconf 89' lang='lat' dir='ltr'><strong>crisin</strong></span> <span class='ocrx_word' id='word_1_137' title='bbox 338 1757 562 1838; x_wconf 87' lang='lat' dir='ltr'><strong>factitauimns‚</strong></span> <span class='ocrx_word' id='word_1_138' title='bbox 588 1759 700 1840; x_wconf 78' lang='lat' dir='ltr'><strong>paucis</strong></span> <span class='ocrx_word' id='word_1_139' title='bbox 723 1757 799 1821; x_wconf 90' lang='lat' dir='ltr'><strong>locis</strong></span> <span class='ocrx_word' id='word_1_140' title='bbox 814 1759 920 1839; x_wconf 91' lang='lat' dir='ltr'><strong>ipsum</strong></span> <span class='ocrx_word' id='word_1_141' title='bbox 936 1759 1126 1821; x_wconf 90' lang='lat' dir='ltr'><strong>Gaianorum</strong></span> <span class='ocrx_word' id='word_1_142' title='bbox 1149 1779 1227 1822; x_wconf 89' lang='lat' dir='ltr'><strong>uer-</strong></span> 
     </span>
     <span class='ocr_line' id='line_1_17' title="bbox 61 1841 1226 1927; baseline 0.003 -23"><span class='ocrx_word' id='word_1_143' title='bbox 61 1841 151 1906; x_wconf 87' lang='lat' dir='ltr'><strong>bomm</strong></span> <span class='ocrx_word' id='word_1_144' title='bbox 171 1853 355 1908; x_wconf 85' lang='lat' dir='ltr'><strong>contextum</strong></span> <span class='ocrx_word' id='word_1_145' title='bbox 377 1844 559 1907; x_wconf 88' lang='lat' dir='ltr'><strong>coniciendo</strong></span> <span class='ocrx_word' id='word_1_146' title='bbox 583 1845 855 1925; x_wconf 90' lang='lat' dir='ltr'><strong>recuperauimus.</strong></span> <span class='ocrx_word' id='word_1_147' title='bbox 901 1843 1012 1908; x_wconf 84' lang='lat' dir='ltr'><strong>Artem</strong></span> <span class='ocrx_word' id='word_1_148' title='bbox 1040 1847 1138 1927; x_wconf 87' lang='lat' dir='ltr'><strong>igitur</strong></span> <span class='ocrx_word' id='word_1_149' title='bbox 1168 1865 1226 1908; x_wconf 92' lang='lat' dir='ltr'><strong>ne-</strong></span> 
     </span>
     <span class='ocr_line' id='line_1_18' title="bbox 62 1929 1225 2011; baseline 0.003 -22"><span class='ocrx_word' id='word_1_150' title='bbox 62 1930 162 1992; x_wconf 87' lang='lat' dir='ltr'><strong>sciendi</strong></span> <span class='ocrx_word' id='word_1_151' title='bbox 182 1931 281 1994; x_wconf 88' lang='lat' dir='ltr'><strong>multo</strong></span> <span class='ocrx_word' id='word_1_152' title='bbox 307 1932 402 1993; x_wconf 89' lang='lat' dir='ltr'><strong>etiam</strong></span> <span class='ocrx_word' id='word_1_153' title='bbox 424 1930 554 2010; x_wconf 84' lang='lat' dir='ltr'><strong>fortius,</strong></span> <span class='ocrx_word' id='word_1_154' title='bbox 586 1949 680 2011; x_wconf 88' lang='lat' dir='ltr'><strong>quam</strong></span> <span class='ocrx_word' id='word_1_155' title='bbox 704 1950 721 1992; x_wconf 90' lang='lat' dir='ltr'><strong>a</strong></span> <span class='ocrx_word' id='word_1_156' title='bbox 744 1931 837 1992; x_wconf 90' lang='lat' dir='ltr'><strong>nobis</strong></span> <span class='ocrx_word' id='word_1_157' title='bbox 860 1929 938 1994; x_wconf 91' lang='lat' dir='ltr'><strong>adeo</strong></span> <span class='ocrx_word' id='word_1_158' title='bbox 961 1931 1079 1994; x_wconf 90' lang='lat' dir='ltr'><strong>factum</strong></span> <span class='ocrx_word' id='word_1_159' title='bbox 1102 1941 1165 2010; x_wconf 88' lang='lat' dir='ltr'><strong>est,</strong></span> <span class='ocrx_word' id='word_1_160' title='bbox 1192 1933 1225 1993; x_wconf 92' lang='lat' dir='ltr'><strong>in</strong></span> 
     </span>
     <span class='ocr_line' id='line_1_19' title="bbox 62 2012 1226 2080; baseline 0.002 -2"><span class='ocrx_word' id='word_1_161' title='bbox 62 2012 179 2080; x_wconf 86' lang='lat' dir='ltr'><strong>futurum</strong></span> <span class='ocrx_word' id='word_1_162' title='bbox 201 2015 411 2080; x_wconf 86' lang='lat' dir='ltr'><strong>exercendam</strong></span> <span class='ocrx_word' id='word_1_163' title='bbox 436 2035 504 2078; x_wconf 92' lang='lat' dir='ltr'><strong>esse</strong></span> <span class='ocrx_word' id='word_1_164' title='bbox 527 2017 604 2078; x_wconf 92' lang='lat' dir='ltr'><strong>mihi</strong></span> <span class='ocrx_word' id='word_1_165' title='bbox 633 2025 764 2079; x_wconf 88' lang='lat' dir='ltr'><strong>constat.</strong></span> <span class='ocrx_word' id='word_1_166' title='bbox 813 2017 871 2080; x_wconf 84' lang='lat' dir='ltr'><strong>Cui</strong></span> <span class='ocrx_word' id='word_1_167' title='bbox 900 2016 1107 2080; x_wconf 88' lang='lat' dir='ltr'><strong>admonitioni</strong></span> <span class='ocrx_word' id='word_1_168' title='bbox 1137 2018 1226 2080; x_wconf 91' lang='lat' dir='ltr'><strong>nefas</strong></span> 
     </span>
     <span class='ocr_line' id='line_1_20' title="bbox 62 2103 1226 2184; baseline 0.004 -23"><span class='ocrx_word' id='word_1_169' title='bbox 62 2103 139 2164; x_wconf 91' lang='lat' dir='ltr'><strong>sitsi</strong></span> <span class='ocrx_word' id='word_1_170' title='bbox 165 2106 235 2184; x_wconf 90' lang='lat' dir='ltr'><strong>quis</strong></span> <span class='ocrx_word' id='word_1_171' title='bbox 265 2122 378 2184; x_wconf 88' lang='lat' dir='ltr'><strong>parere</strong></span> <span class='ocrx_word' id='word_1_172' title='bbox 408 2103 496 2164; x_wconf 92' lang='lat' dir='ltr'><strong>nolit.</strong></span> <span class='ocrx_word' id='word_1_173' title='bbox 543 2104 672 2165; x_wconf 87' lang='lat' dir='ltr'><strong>Discant</strong></span> <span class='ocrx_word' id='word_1_174' title='bbox 700 2103 799 2184; x_wconf 87' lang='lat' dir='ltr'><strong>igitur</strong></span> <span class='ocrx_word' id='word_1_175' title='bbox 825 2104 968 2166; x_wconf 91' lang='lat' dir='ltr'><strong>homines</strong></span> <span class='ocrx_word' id='word_1_176' title='bbox 998 2103 1081 2166; x_wconf 92' lang='lat' dir='ltr'><strong>docti</strong></span> <span class='ocrx_word' id='word_1_177' title='bbox 1110 2123 1150 2166; x_wconf 91' lang='lat' dir='ltr'><strong>ex</strong></span> <span class='ocrx_word' id='word_1_178' title='bbox 1180 2106 1226 2166; x_wconf 91' lang='lat' dir='ltr'><strong>eis</strong></span> 
     </span>
     <span class='ocr_line' id='line_1_21' title="bbox 62 2188 1227 2270; baseline 0.003 -23"><span class='ocrx_word' id='word_1_179' title='bbox 62 2191 288 2253; x_wconf 82' lang='lat' dir='ltr'><strong>correctionibus</strong></span> <span class='ocrx_word' id='word_1_180' title='bbox 303 2188 601 2270; x_wconf 84' lang='lat' dir='ltr'><strong>additamentisque,</strong></span> <span class='ocrx_word' id='word_1_181' title='bbox 621 2208 702 2269; x_wconf 90' lang='lat' dir='ltr'><strong>quae</strong></span> <span class='ocrx_word' id='word_1_182' title='bbox 718 2189 793 2251; x_wconf 92' lang='lat' dir='ltr'><strong>inde</strong></span> <span class='ocrx_word' id='word_1_183' title='bbox 809 2209 826 2250; x_wconf 92' lang='lat' dir='ltr'><strong>a</strong></span> <span class='ocrx_word' id='word_1_184' title='bbox 841 2191 957 2270; x_wconf 80' lang='lat' dir='ltr'><strong>pagina</strong></span> <span class='ocrx_word' id='word_1_185' title='bbox 967 2209 1029 2252; x_wconf 85' lang='lat' dir='ltr'><strong>xvu</strong></span> <span class='ocrx_word' id='word_1_186' title='bbox 1045 2191 1141 2252; x_wconf 91' lang='lat' dir='ltr'><strong>huius</strong></span> <span class='ocrx_word' id='word_1_187' title='bbox 1157 2189 1227 2252; x_wconf 91' lang='lat' dir='ltr'><strong>edi-</strong></span> 
     </span>
     <span class='ocr_line' id='line_1_22' title="bbox 62 2275 1228 2357; baseline 0.005 -25"><span class='ocrx_word' id='word_1_188' title='bbox 62 2275 136 2338; x_wconf 90' lang='lat' dir='ltr'><strong>tionis</strong></span> <span class='ocrx_word' id='word_1_189' title='bbox 155 2295 171 2338; x_wconf 92' lang='lat' dir='ltr'><strong>a</strong></span> <span class='ocrx_word' id='word_1_190' title='bbox 192 2297 243 2340; x_wconf 91' lang='lat' dir='ltr'><strong>me</strong></span> <span class='ocrx_word' id='word_1_191' title='bbox 269 2276 439 2356; x_wconf 89' lang='lat' dir='ltr'><strong>composita</strong></span> <span class='ocrx_word' id='word_1_192' title='bbox 462 2284 546 2354; x_wconf 86' lang='lat' dir='ltr'><strong>sunt,</strong></span> <span class='ocrx_word' id='word_1_193' title='bbox 573 2294 668 2355; x_wconf 88' lang='lat' dir='ltr'><strong>quam</strong></span> <span class='ocrx_word' id='word_1_194' title='bbox 691 2275 789 2338; x_wconf 85' lang='lat' dir='ltr'><strong>fallax</strong></span> <span class='ocrx_word' id='word_1_195' title='bbox 804 2276 845 2337; x_wconf 92' lang='lat' dir='ltr'><strong>sit</strong></span> <span class='ocrx_word' id='word_1_196' title='bbox 860 2276 1106 2357; x_wconf 89' lang='lat' dir='ltr'><strong>ingeniosissimi</strong></span> <span class='ocrx_word' id='word_1_197' title='bbox 1118 2277 1228 2338; x_wconf 90' lang='lat' dir='ltr'><strong>ouius-</strong></span> 
     </span>
     <span class='ocr_line' id='line_1_23' title="bbox 63 2361 1226 2443; baseline 0.003 -22"><span class='ocrx_word' id='word_1_198' title='bbox 63 2376 110 2438; x_wconf 88' lang='lat' dir='ltr'><strong>que</strong></span> <span class='ocrx_word' id='word_1_199' title='bbox 135 2364 271 2443; x_wconf 89' lang='lat' dir='ltr'><strong>opinatio</strong></span> <span class='ocrx_word' id='word_1_200' title='bbox 294 2361 478 2424; x_wconf 89' lang='lat' dir='ltr'><strong>diuinatrix.</strong></span> <span class='ocrx_word' id='word_1_201' title='bbox 527 2361 676 2424; x_wconf 87' lang='lat' dir='ltr'><strong>Ceterum</strong></span> <span class='ocrx_word' id='word_1_202' title='bbox 707 2361 785 2424; x_wconf 89' lang='lat' dir='ltr'><strong>baec</strong></span> <span class='ocrx_word' id='word_1_203' title='bbox 813 2380 939 2441; x_wconf 92' lang='lat' dir='ltr'><strong>quoque</strong></span> <span class='ocrx_word' id='word_1_204' title='bbox 967 2363 1081 2424; x_wconf 88' lang='lat' dir='ltr'><strong>iterata</strong></span> <span class='ocrx_word' id='word_1_205' title='bbox 1110 2362 1226 2424; x_wconf 88' lang='lat' dir='ltr'><strong>codicis</strong></span> 
     </span>
     <span class='ocr_line' id='line_1_24' title="bbox 62 2445 1226 2527; baseline 0.003 -22"><span class='ocrx_word' id='word_1_206' title='bbox 62 2445 225 2512; x_wconf 84' lang='lat' dir='ltr'><strong>Veronensis</strong></span> <span class='ocrx_word' id='word_1_207' title='bbox 248 2449 344 2511; x_wconf 89' lang='lat' dir='ltr'><strong>lectio</strong></span> <span class='ocrx_word' id='word_1_208' title='bbox 366 2449 444 2509; x_wconf 93' lang='lat' dir='ltr'><strong>mihi</strong></span> <span class='ocrx_word' id='word_1_209' title='bbox 467 2449 560 2510; x_wconf 89' lang='lat' dir='ltr'><strong>statio</strong></span> <span class='ocrx_word' id='word_1_210' title='bbox 583 2457 646 2524; x_wconf 84' lang='lat' dir='ltr'><strong>est,</strong></span> <span class='ocrx_word' id='word_1_211' title='bbox 678 2466 740 2508; x_wconf 90' lang='lat' dir='ltr'><strong>non</strong></span> <span class='ocrx_word' id='word_1_212' title='bbox 771 2457 897 2527; x_wconf 89' lang='lat' dir='ltr'><strong>portus;</strong></span> <span class='ocrx_word' id='word_1_213' title='bbox 930 2466 1026 2527; x_wconf 90' lang='lat' dir='ltr'><strong>quam</strong></span> <span class='ocrx_word' id='word_1_214' title='bbox 1056 2447 1226 2510; x_wconf 89' lang='lat' dir='ltr'><strong>emendare</strong></span> 
     </span>
     <span class='ocr_line' id='line_1_25' title="bbox 63 2532 1226 2614; baseline 0.003 -24"><span class='ocrx_word' id='word_1_215' title='bbox 63 2533 149 2613; x_wconf 82' lang='lat' dir='ltr'><strong>uelim,</strong></span> <span class='ocrx_word' id='word_1_216' title='bbox 174 2537 200 2598; x_wconf 89' lang='lat' dir='ltr'><strong>si</strong></span> <span class='ocrx_word' id='word_1_217' title='bbox 219 2534 299 2597; x_wconf 91' lang='lat' dir='ltr'><strong>mihi</strong></span> <span class='ocrx_word' id='word_1_218' title='bbox 316 2532 416 2596; x_wconf 88' lang='lat' dir='ltr'><strong>fatum</strong></span> <span class='ocrx_word' id='word_1_219' title='bbox 432 2534 595 2614; x_wconf 86' lang='lat' dir='ltr'><strong>largiatur,</strong></span> <span class='ocrx_word' id='word_1_220' title='bbox 620 2543 656 2596; x_wconf 93' lang='lat' dir='ltr'><strong>ut</strong></span> <span class='ocrx_word' id='word_1_221' title='bbox 672 2533 705 2610; x_wconf 86' lang='lat' dir='ltr'><strong>in</strong></span> <span class='ocrx_word' id='word_1_222' title='bbox 721 2533 843 2595; x_wconf 92' lang='lat' dir='ltr'><strong>ltaliam</strong></span> <span class='ocrx_word' id='word_1_223' title='bbox 858 2542 1015 2610; x_wconf 90' lang='lat' dir='ltr'><strong>reuertar;</strong></span> <span class='ocrx_word' id='word_1_224' title='bbox 1040 2552 1112 2594; x_wconf 94' lang='lat' dir='ltr'><strong>nam</strong></span> <span class='ocrx_word' id='word_1_225' title='bbox 1128 2533 1226 2594; x_wconf 93' lang='lat' dir='ltr'><strong>libros</strong></span> 
     </span>
     <span class='ocr_line' id='line_1_26' title="bbox 64 2617 1227 2702; baseline 0.003 -25"><span class='ocrx_word' id='word_1_226' title='bbox 64 2621 207 2702; x_wconf 86' lang='lat' dir='ltr'><strong>rescriptos</strong></span> <span class='ocrx_word' id='word_1_227' title='bbox 229 2619 509 2702; x_wconf 87' lang='lat' dir='ltr'><strong>perscrutantibus</strong></span> <span class='ocrx_word' id='word_1_228' title='bbox 532 2619 662 2682; x_wconf 89' lang='lat' dir='ltr'><strong>difficile</strong></span> <span class='ocrx_word' id='word_1_229' title='bbox 686 2627 734 2680; x_wconf 92' lang='lat' dir='ltr'><strong>est</strong></span> <span class='ocrx_word' id='word_1_230' title='bbox 756 2617 796 2679; x_wconf 89' lang='lat' dir='ltr'><strong>ab</strong></span> <span class='ocrx_word' id='word_1_231' title='bbox 828 2619 952 2698; x_wconf 88' lang='lat' dir='ltr'><strong>incepto</strong></span> <span class='ocrx_word' id='word_1_232' title='bbox 982 2618 1097 2680; x_wconf 89' lang='lat' dir='ltr'><strong>labore</strong></span> <span class='ocrx_word' id='word_1_233' title='bbox 1112 2637 1145 2680; x_wconf 91' lang='lat' dir='ltr'><strong>se</strong></span> <span class='ocrx_word' id='word_1_234' title='bbox 1168 2619 1227 2680; x_wconf 86' lang='lat' dir='ltr'><strong>ab·</strong></span> 
     </span>
    </p>
   </div>
   <div class='ocr_carea' id='block_1_3' title="bbox 866 2783 1227 2792">
    <p class='ocr_par' dir='ltr' id='par_1_3' title="bbox 866 2783 1227 2792">
     <span class='ocr_line' id='line_1_27' title="bbox 866 2783 1227 2792; baseline -0.006 0"><span class='ocrx_word' id='word_1_235' title='bbox 866 2783 1227 2792; x_wconf 56' lang='lat' dir='ltr'><strong>ffl—</strong></span> 
     </span>
    </p>
   </div>
   <div class='ocr_carea' id='block_1_4' title="bbox 64 2877 1228 4252">
    <p class='ocr_par' dir='ltr' id='par_1_4' title="bbox 117 2877 581 2942">
     <span class='ocr_line' id='line_1_28' title="bbox 117 2877 581 2942; baseline 0.002 -17"><span class='ocrx_word' id='word_1_236' title='bbox 117 2878 136 2940; x_wconf 81' lang='lat' dir='ltr'><strong>t]</strong></span> <span class='ocrx_word' id='word_1_237' title='bbox 155 2877 228 2930; x_wconf 76' lang='lat' dir='ltr'><strong>(loni.</strong></span> <span class='ocrx_word' id='word_1_238' title='bbox 253 2878 286 2929; x_wconf 73' lang='lat'><strong>0²</strong></span> <span class='ocrx_word' id='word_1_239' title='bbox 302 2891 424 2942; x_wconf 87' lang='lat' dir='ltr'><strong>prooem.</strong></span> <span class='ocrx_word' id='word_1_240' title='bbox 444 2890 505 2942; x_wconf 86' lang='lat' dir='ltr'><strong>pag.</strong></span> <span class='ocrx_word' id='word_1_241' title='bbox 519 2890 581 2928; x_wconf 86' lang='lat' dir='ltr'><strong>xvu.</strong></span> 
     </span>
    </p>

    <p class='ocr_par' dir='ltr' id='par_1_5' title="bbox 64 2945 1228 4252">
     <span class='ocr_line' id='line_1_29' title="bbox 118 2945 1226 3008; baseline 0.002 -14"><span class='ocrx_word' id='word_1_242' title='bbox 118 2947 137 3008; x_wconf 84' lang='lat' dir='ltr'><strong>t)</strong></span> <span class='ocrx_word' id='word_1_243' title='bbox 155 2948 265 2998; x_wconf 89' lang='lat' dir='ltr'><strong>interim</strong></span> <span class='ocrx_word' id='word_1_244' title='bbox 284 2947 332 2998; x_wconf 87' lang='lat' dir='ltr'><strong>Gai</strong></span> <span class='ocrx_word' id='word_1_245' title='bbox 354 2947 559 2997; x_wconf 88' lang='lat' dir='ltr'><strong>Institutionum</strong></span> <span class='ocrx_word' id='word_1_246' title='bbox 582 2945 667 2996; x_wconf 90' lang='lat' dir='ltr'><strong>libros</strong></span> <span class='ocrx_word' id='word_1_247' title='bbox 692 2959 756 2996; x_wconf 92' lang='lat' dir='ltr'><strong>cum</strong></span> <span class='ocrx_word' id='word_1_248' title='bbox 779 2945 825 2996; x_wconf 90' lang='lat' dir='ltr'><strong>alii</strong></span> <span class='ocrx_word' id='word_1_249' title='bbox 849 2945 993 2997; x_wconf 88' lang='lat' dir='ltr'><strong>ediderunt</strong></span> <span class='ocrx_word' id='word_1_250' title='bbox 1015 2949 1073 2996; x_wconf 92' lang='lat' dir='ltr'><strong>tum</strong></span> <span class='ocrx_word' id='word_1_251' title='bbox 1098 2945 1226 2996; x_wconf 88' lang='lat' dir='ltr'><strong>Huschke</strong></span> 
     </span>
     <span class='ocr_line' id='line_1_30' title="bbox 67 3012 1224 3080; baseline 0.003 -20"><span class='ocrx_word' id='word_1_252' title='bbox 67 3012 157 3078; x_wconf 67' lang='lat' dir='ltr'><strong>(lipsiae</strong></span> <span class='ocrx_word' id='word_1_253' title='bbox 174 3030 197 3066; x_wconf 92' lang='lat' dir='ltr'><strong>a.</strong></span> <span class='ocrx_word' id='word_1_254' title='bbox 217 3017 310 3079; x_wconf 74' lang='lat'><strong>4878),</strong></span> <span class='ocrx_word' id='word_1_255' title='bbox 338 3016 416 3066; x_wconf 89' lang='lat' dir='ltr'><strong>cuius</strong></span> <span class='ocrx_word' id='word_1_256' title='bbox 439 3013 626 3066; x_wconf 87' lang='lat' dir='ltr'><strong>uenerabilem</strong></span> <span class='ocrx_word' id='word_1_257' title='bbox 651 3017 818 3066; x_wconf 90' lang='lat' dir='ltr'><strong>senectutem</strong></span> <span class='ocrx_word' id='word_1_258' title='bbox 842 3013 905 3065; x_wconf 84' lang='lat' dir='ltr'><strong>felix</strong></span> <span class='ocrx_word' id='word_1_259' title='bbox 923 3015 983 3080; x_wconf 88' lang='lat' dir='ltr'><strong>illa,</strong></span> <span class='ocrx_word' id='word_1_260' title='bbox 1010 3028 1080 3080; x_wconf 89' lang='lat' dir='ltr'><strong>quae</strong></span> <span class='ocrx_word' id='word_1_261' title='bbox 1098 3015 1224 3065; x_wconf 91' lang='lat' dir='ltr'><strong>iuuenem</strong></span> 
     </span>
     <span class='ocr_line' id='line_1_31' title="bbox 65 3083 1226 3150; baseline 0.003 -21"><span class='ocrx_word' id='word_1_262' title='bbox 65 3087 193 3146; x_wconf 85' lang='lat' dir='ltr'><strong>ornauerat,</strong></span> <span class='ocrx_word' id='word_1_263' title='bbox 211 3085 315 3150; x_wconf 87' lang='lat' dir='ltr'><strong>ingenii</strong></span> <span class='ocrx_word' id='word_1_264' title='bbox 332 3083 444 3134; x_wconf 89' lang='lat' dir='ltr'><strong>ubertas</strong></span> <span class='ocrx_word' id='word_1_265' title='bbox 463 3085 619 3143; x_wconf 90' lang='lat' dir='ltr'><strong>comitatur,</strong></span> <span class='ocrx_word' id='word_1_266' title='bbox 644 3087 671 3134; x_wconf 90' lang='lat' dir='ltr'><strong>et</strong></span> <span class='ocrx_word' id='word_1_267' title='bbox 689 3085 820 3135; x_wconf 89' lang='lat' dir='ltr'><strong>Polenaar</strong></span> <span class='ocrx_word' id='word_1_268' title='bbox 841 3084 1005 3148; x_wconf 70' lang='lat' dir='ltr'><strong>(asyntagma</strong></span> <span class='ocrx_word' id='word_1_269' title='bbox 1024 3084 1226 3134; x_wconf 88' lang='lat' dir='ltr'><strong>Institutionum</strong></span> 
     </span>
     <span class='ocr_line' id='line_1_32' title="bbox 64 3151 1226 3206; baseline 0.003 -7"><span class='ocrx_word' id='word_1_270' title='bbox 64 3161 154 3203; x_wconf 85' lang='lat' dir='ltr'><strong>nouum.</strong></span> <span class='ocrx_word' id='word_1_271' title='bbox 190 3156 237 3206; x_wconf 87' lang='lat' dir='ltr'><strong>Gai</strong></span> <span class='ocrx_word' id='word_1_272' title='bbox 255 3155 443 3204; x_wconf 87' lang='lat' dir='ltr'><strong>institutiones</strong></span> <span class='ocrx_word' id='word_1_273' title='bbox 461 3153 534 3203; x_wconf 91' lang='lat' dir='ltr'><strong>iuris·</strong></span> <span class='ocrx_word' id='word_1_274' title='bbox 547 3151 636 3202; x_wconf 88' lang='lat' dir='ltr'><strong>ciuilis</strong></span> <span class='ocrx_word' id='word_1_275' title='bbox 654 3153 730 3206; x_wconf 87' lang='lat' dir='ltr'><strong>Rom.</strong></span> <span class='ocrx_word' id='word_1_276' title='bbox 751 3153 903 3204; x_wconf 90' lang='lat' dir='ltr'><strong>secundum</strong></span> <span class='ocrx_word' id='word_1_277' title='bbox 916 3153 1043 3204; x_wconf 84' lang='lat' dir='ltr'><strong>Guilelmi</strong></span> <span class='ocrx_word' id='word_1_278' title='bbox 1055 3152 1226 3204; x_wconf 86' lang='lat' dir='ltr'><strong>studemund</strong></span> 
     </span>
     <span class='ocr_line' id='line_1_33' title="bbox 65 3220 1226 3287; baseline 0.001 -18"><span class='ocrx_word' id='word_1_279' title='bbox 65 3220 112 3270; x_wconf 85' lang='lat' dir='ltr'><strong>cod.</strong></span> <span class='ocrx_word' id='word_1_280' title='bbox 129 3223 185 3274; x_wconf 78' lang='lat' dir='ltr'><strong>Ver.</strong></span> <span class='ocrx_word' id='word_1_281' title='bbox 205 3223 380 3275; x_wconf 86' lang='lat' dir='ltr'><strong>collationem</strong></span> <span class='ocrx_word' id='word_1_282' title='bbox 399 3220 471 3274; x_wconf 91' lang='lat' dir='ltr'><strong>edid.</strong></span> <span class='ocrx_word' id='word_1_283' title='bbox 489 3221 595 3272; x_wconf 90' lang='lat' dir='ltr'><strong>emend.</strong></span> <span class='ocrx_word' id='word_1_284' title='bbox 613 3223 739 3287; x_wconf 85' lang='lat' dir='ltr'><strong>notisque</strong></span> <span class='ocrx_word' id='word_1_285' title='bbox 757 3221 914 3282; x_wconf 91' lang='lat' dir='ltr'><strong>illustrauit,</strong></span> <span class='ocrx_word' id='word_1_286' title='bbox 934 3223 1067 3287; x_wconf 90' lang='lat' dir='ltr'><strong>appositis</strong></span> <span class='ocrx_word' id='word_1_287' title='bbox 1085 3222 1226 3272; x_wconf 88' lang='lat' dir='ltr'><strong>Iustiniani</strong></span> 
     </span>
     <span class='ocr_line' id='line_1_34' title="bbox 65 3287 1223 3356; baseline 0.003 -20"><span class='ocrx_word' id='word_1_288' title='bbox 65 3287 271 3352; x_wconf 85' lang='lat' dir='ltr'><strong>institutionibus,</strong></span> <span class='ocrx_word' id='word_1_289' title='bbox 297 3292 330 3342; x_wconf 92' lang='lat' dir='ltr'><strong>iis</strong></span> <span class='ocrx_word' id='word_1_290' title='bbox 353 3291 464 3356; x_wconf 91' lang='lat' dir='ltr'><strong>quidem</strong></span> <span class='ocrx_word' id='word_1_291' title='bbox 486 3304 520 3340; x_wconf 85' lang='lat' dir='ltr'><strong>ex</strong></span> <span class='ocrx_word' id='word_1_292' title='bbox 537 3292 698 3342; x_wconf 84' lang='lat' dir='ltr'><strong>recensione</strong></span> <span class='ocrx_word' id='word_1_293' title='bbox 716 3291 791 3342; x_wconf 87' lang='lat' dir='ltr'><strong>Pauli</strong></span> <span class='ocrx_word' id='word_1_294' title='bbox 810 3291 929 3353; x_wconf 82' lang='lat' dir='ltr'><strong>Krueger</strong></span> <span class='ocrx_word' id='word_1_295' title='bbox 946 3289 1002 3342; x_wconf 89' lang='lat' dir='ltr'><strong>fere</strong></span> <span class='ocrx_word' id='word_1_296' title='bbox 1020 3291 1150 3355; x_wconf 90' lang='lat' dir='ltr'><strong>repetitis,</strong></span> <span class='ocrx_word' id='word_1_297' title='bbox 1171 3292 1223 3340; x_wconf 89' lang='lat' dir='ltr'><strong>ete.</strong></span> 
     </span>
     <span class='ocr_line' id='line_1_35' title="bbox 65 3355 1225 3424; baseline 0.003 -19"><span class='ocrx_word' id='word_1_298' title='bbox 65 3355 87 3406; x_wconf 84' lang='lat' dir='ltr'><strong>ll.</strong></span> <span class='ocrx_word' id='word_1_299' title='bbox 102 3359 119 3408; x_wconf 93' lang='lat'><strong>1.</strong></span> <span class='ocrx_word' id='word_1_300' title='bbox 136 3361 270 3423; x_wconf 89' lang='lat' dir='ltr'><strong>Polenaar,</strong></span> <span class='ocrx_word' id='word_1_301' title='bbox 295 3361 346 3410; x_wconf 90' lang='lat' dir='ltr'><strong>litt.</strong></span> <span class='ocrx_word' id='word_1_302' title='bbox 366 3361 443 3412; x_wconf 90' lang='lat' dir='ltr'><strong>hum.</strong></span> <span class='ocrx_word' id='word_1_303' title='bbox 463 3361 491 3409; x_wconf 90' lang='lat' dir='ltr'><strong>et</strong></span> <span class='ocrx_word' id='word_1_304' title='bbox 515 3359 567 3411; x_wconf 88' lang='lat' dir='ltr'><strong>iur.</strong></span> <span class='ocrx_word' id='word_1_305' title='bbox 590 3362 643 3410; x_wconf 89' lang='lat' dir='ltr'><strong>utr.</strong></span> <span class='ocrx_word' id='word_1_306' title='bbox 663 3359 704 3410; x_wconf 88' lang='lat' dir='ltr'><strong>dr.</strong></span> <span class='ocrx_word' id='word_1_307' title='bbox 728 3359 852 3424; x_wconf 81' lang='lat' dir='ltr'><strong>Lugduni</strong></span> <span class='ocrx_word' id='word_1_308' title='bbox 876 3361 1039 3410; x_wconf 86' lang='lat' dir='ltr'><strong>Batauorum</strong></span> <span class='ocrx_word' id='word_1_309' title='bbox 1064 3359 1136 3424; x_wconf 89' lang='lat' dir='ltr'><strong>apud</strong></span> <span class='ocrx_word' id='word_1_310' title='bbox 1155 3359 1186 3409; x_wconf 90' lang='lat' dir='ltr'><strong>E.</strong></span> <span class='ocrx_word' id='word_1_311' title='bbox 1207 3359 1225 3408; x_wconf 95' lang='lat' dir='ltr'><strong>l.</strong></span> 
     </span>
     <span class='ocr_line' id='line_1_36' title="bbox 64 3423 1225 3493; baseline 0.003 -19"><span class='ocrx_word' id='word_1_312' title='bbox 64 3423 121 3478; x_wconf 85' lang='lat' dir='ltr'><strong>Brill.</strong></span> <span class='ocrx_word' id='word_1_313' title='bbox 142 3429 343 3492; x_wconf 65' lang='lat' dir='ltr'><strong>itit-witta).</strong></span> <span class='ocrx_word' id='word_1_314' title='bbox 380 3429 465 3480; x_wconf 87' lang='lat' dir='ltr'><strong>Cuius</strong></span> <span class='ocrx_word' id='word_1_315' title='bbox 488 3429 540 3478; x_wconf 90' lang='lat' dir='ltr'><strong>uiri</strong></span> <span class='ocrx_word' id='word_1_316' title='bbox 564 3427 715 3480; x_wconf 90' lang='lat' dir='ltr'><strong>doctissimi</strong></span> <span class='ocrx_word' id='word_1_317' title='bbox 733 3432 764 3479; x_wconf 91' lang='lat' dir='ltr'><strong>ut</strong></span> <span class='ocrx_word' id='word_1_318' title='bbox 785 3442 901 3480; x_wconf 88' lang='lat' dir='ltr'><strong>acumen</strong></span> <span class='ocrx_word' id='word_1_319' title='bbox 920 3429 1022 3493; x_wconf 83' lang='lat' dir='ltr'><strong>ingenii</strong></span> <span class='ocrx_word' id='word_1_320' title='bbox 1040 3429 1225 3492; x_wconf 82' lang='lat' dir='ltr'><strong>agnoscimus,</strong></span> 
     </span>
     <span class='ocr_line' id='line_1_37' title="bbox 66 3493 1225 3564; baseline 0.006 -24"><span class='ocrx_word' id='word_1_321' title='bbox 66 3493 94 3543; x_wconf 87' lang='lat' dir='ltr'><strong>iia</strong></span> <span class='ocrx_word' id='word_1_322' title='bbox 108 3497 240 3550; x_wconf 88' lang='lat' dir='ltr'><strong>audaciam</strong></span> <span class='ocrx_word' id='word_1_323' title='bbox 259 3500 286 3548; x_wconf 89' lang='lat' dir='ltr'><strong>et</strong></span> <span class='ocrx_word' id='word_1_324' title='bbox 304 3499 472 3549; x_wconf 86' lang='lat' dir='ltr'><strong>celeritatem</strong></span> <span class='ocrx_word' id='word_1_325' title='bbox 491 3499 518 3547; x_wconf 89' lang='lat' dir='ltr'><strong>in</strong></span> <span class='ocrx_word' id='word_1_326' title='bbox 544 3497 715 3548; x_wconf 88' lang='lat' dir='ltr'><strong>emendando</strong></span> <span class='ocrx_word' id='word_1_327' title='bbox 741 3511 822 3564; x_wconf 88' lang='lat' dir='ltr'><strong>opere</strong></span> <span class='ocrx_word' id='word_1_328' title='bbox 841 3497 943 3548; x_wconf 84' lang='lat' dir='ltr'><strong>Gaiano</strong></span> <span class='ocrx_word' id='word_1_329' title='bbox 968 3511 1022 3549; x_wconf 90' lang='lat' dir='ltr'><strong>uon</strong></span> <span class='ocrx_word' id='word_1_330' title='bbox 1045 3498 1225 3548; x_wconf 88' lang='lat' dir='ltr'><strong>aemulamur.</strong></span> 
     </span>
     <span class='ocr_line' id='line_1_38' title="bbox 66 3559 1228 3632; baseline 0.001 -18"><span class='ocrx_word' id='word_1_331' title='bbox 66 3559 120 3614; x_wconf 86' lang='lat' dir='ltr'><strong>Nem</strong></span> <span class='ocrx_word' id='word_1_332' title='bbox 136 3580 185 3631; x_wconf 79' lang='lat' dir='ltr'><strong>quo</strong></span> <span class='ocrx_word' id='word_1_333' title='bbox 203 3569 308 3619; x_wconf 91' lang='lat' dir='ltr'><strong>diutius</strong></span> <span class='ocrx_word' id='word_1_334' title='bbox 326 3568 354 3618; x_wconf 91' lang='lat' dir='ltr'><strong>in</strong></span> <span class='ocrx_word' id='word_1_335' title='bbox 374 3569 439 3619; x_wconf 89' lang='lat' dir='ltr'><strong>Gaio</strong></span> <span class='ocrx_word' id='word_1_336' title='bbox 457 3566 627 3618; x_wconf 90' lang='lat' dir='ltr'><strong>restituendo</strong></span> <span class='ocrx_word' id='word_1_337' title='bbox 646 3581 755 3632; x_wconf 89' lang='lat' dir='ltr'><strong>operam</strong></span> <span class='ocrx_word' id='word_1_338' title='bbox 779 3567 974 3627; x_wconf 88' lang='lat' dir='ltr'><strong>collocaueris,</strong></span> <span class='ocrx_word' id='word_1_339' title='bbox 999 3580 1032 3618; x_wconf 90' lang='lat' dir='ltr'><strong>eo</strong></span> <span class='ocrx_word' id='word_1_340' title='bbox 1059 3567 1160 3617; x_wconf 90' lang='lat' dir='ltr'><strong>certius</strong></span> <span class='ocrx_word' id='word_1_341' title='bbox 1184 3567 1228 3615; x_wconf 90' lang='lat' dir='ltr'><strong>in-</strong></span> 
     </span>
     <span class='ocr_line' id='line_1_39' title="bbox 65 3631 1228 3702; baseline 0.005 -24"><span class='ocrx_word' id='word_1_342' title='bbox 65 3631 166 3696; x_wconf 81' lang='lat' dir='ltr'><strong>telleges,</strong></span> <span class='ocrx_word' id='word_1_343' title='bbox 191 3650 273 3702; x_wconf 89' lang='lat' dir='ltr'><strong>quam</strong></span> <span class='ocrx_word' id='word_1_344' title='bbox 291 3635 437 3688; x_wconf 87' lang='lat' dir='ltr'><strong>difficulter</strong></span> <span class='ocrx_word' id='word_1_345' title='bbox 454 3636 483 3684; x_wconf 91' lang='lat' dir='ltr'><strong>in</strong></span> <span class='ocrx_word' id='word_1_346' title='bbox 502 3635 570 3686; x_wconf 91' lang='lat' dir='ltr'><strong>locis</strong></span> <span class='ocrx_word' id='word_1_347' title='bbox 589 3635 738 3700; x_wconf 87' lang='lat' dir='ltr'><strong>desperetis</strong></span> <span class='ocrx_word' id='word_1_348' title='bbox 756 3635 883 3701; x_wconf 86' lang='lat' dir='ltr'><strong>pestilera</strong></span> <span class='ocrx_word' id='word_1_349' title='bbox 901 3637 1102 3686; x_wconf 86' lang='lat' dir='ltr'><strong>medicamenta</strong></span> <span class='ocrx_word' id='word_1_350' title='bbox 1119 3650 1135 3686; x_wconf 89' lang='lat' dir='ltr'><strong>a</strong></span> <span class='ocrx_word' id='word_1_351' title='bbox 1152 3633 1228 3686; x_wconf 87' lang='lat' dir='ltr'><strong>salu-</strong></span> 
     </span>
     <span class='ocr_line' id='line_1_40' title="bbox 65 3701 1228 3770; baseline 0.003 -22"><span class='ocrx_word' id='word_1_352' title='bbox 65 3701 150 3754; x_wconf 87' lang='lat' dir='ltr'><strong>taribus</strong></span> <span class='ocrx_word' id='word_1_353' title='bbox 166 3708 351 3766; x_wconf 88' lang='lat' dir='ltr'><strong>secernantur,</strong></span> <span class='ocrx_word' id='word_1_354' title='bbox 371 3709 398 3756; x_wconf 90' lang='lat' dir='ltr'><strong>et</strong></span> <span class='ocrx_word' id='word_1_355' title='bbox 415 3718 470 3770; x_wconf 88' lang='lat' dir='ltr'><strong>quo</strong></span> <span class='ocrx_word' id='word_1_356' title='bbox 488 3703 609 3768; x_wconf 82' lang='lat' dir='ltr'><strong>longiore</strong></span> <span class='ocrx_word' id='word_1_357' title='bbox 627 3718 681 3756; x_wconf 90' lang='lat' dir='ltr'><strong>usu</strong></span> <span class='ocrx_word' id='word_1_358' title='bbox 698 3705 946 3768; x_wconf 86' lang='lat' dir='ltr'><strong>exercitationeque</strong></span> <span class='ocrx_word' id='word_1_359' title='bbox 958 3705 1095 3769; x_wconf 85' lang='lat' dir='ltr'><strong>adquisita</strong></span> <span class='ocrx_word' id='word_1_360' title='bbox 1108 3707 1134 3754; x_wconf 90' lang='lat' dir='ltr'><strong>et</strong></span> <span class='ocrx_word' id='word_1_361' title='bbox 1146 3703 1228 3754; x_wconf 90' lang='lat' dir='ltr'><strong>robo-</strong></span> 
     </span>
     <span class='ocr_line' id='line_1_41' title="bbox 65 3770 1227 3836; baseline 0.003 -18"><span class='ocrx_word' id='word_1_362' title='bbox 65 3772 110 3820; x_wconf 83' lang='lat' dir='ltr'><strong>rata</strong></span> <span class='ocrx_word' id='word_1_363' title='bbox 125 3770 200 3826; x_wconf 89' lang='lat' dir='ltr'><strong>fuerit</strong></span> <span class='ocrx_word' id='word_1_364' title='bbox 216 3777 245 3826; x_wconf 92' lang='lat' dir='ltr'><strong>in</strong></span> <span class='ocrx_word' id='word_1_365' title='bbox 263 3775 316 3826; x_wconf 90' lang='lat' dir='ltr'><strong>boc</strong></span> <span class='ocrx_word' id='word_1_366' title='bbox 334 3773 422 3825; x_wconf 89' lang='lat' dir='ltr'><strong>officio</strong></span> <span class='ocrx_word' id='word_1_367' title='bbox 441 3773 564 3834; x_wconf 87' lang='lat' dir='ltr'><strong>facultas,</strong></span> <span class='ocrx_word' id='word_1_368' title='bbox 585 3788 617 3825; x_wconf 91' lang='lat' dir='ltr'><strong>eo</strong></span> <span class='ocrx_word' id='word_1_369' title='bbox 636 3775 742 3824; x_wconf 80' lang='lat' dir='ltr'><strong>cautius</strong></span> <span class='ocrx_word' id='word_1_370' title='bbox 755 3775 900 3825; x_wconf 82' lang='lat' dir='ltr'><strong>electione</strong></span> <span class='ocrx_word' id='word_1_371' title='bbox 913 3773 1011 3824; x_wconf 90' lang='lat' dir='ltr'><strong>tradita</strong></span> <span class='ocrx_word' id='word_1_372' title='bbox 1025 3773 1144 3826; x_wconf 88' lang='lat' dir='ltr'><strong>recedas.</strong></span> <span class='ocrx_word' id='word_1_373' title='bbox 1171 3772 1227 3836; x_wconf 86' lang='lat' dir='ltr'><strong>Ego</strong></span> 
     </span>
     <span class='ocr_line' id='line_1_42' title="bbox 66 3834 1226 3909; baseline 0.003 -23"><span class='ocrx_word' id='word_1_374' title='bbox 66 3834 98 3889; x_wconf 86' lang='lat' dir='ltr'><strong>his</strong></span> <span class='ocrx_word' id='word_1_375' title='bbox 108 3841 268 3909; x_wconf 81' lang='lat' dir='ltr'><strong>undeuiginti</strong></span> <span class='ocrx_word' id='word_1_376' title='bbox 281 3845 369 3906; x_wconf 90' lang='lat' dir='ltr'><strong>anuis,</strong></span> <span class='ocrx_word' id='word_1_377' title='bbox 389 3842 488 3908; x_wconf 90' lang='lat' dir='ltr'><strong>quibus</strong></span> <span class='ocrx_word' id='word_1_378' title='bbox 502 3844 598 3896; x_wconf 86' lang='lat' dir='ltr'><strong>Gaium</strong></span> <span class='ocrx_word' id='word_1_379' title='bbox 615 3844 740 3904; x_wconf 87' lang='lat' dir='ltr'><strong>tractaui,</strong></span> <span class='ocrx_word' id='word_1_380' title='bbox 759 3845 783 3894; x_wconf 86' lang='lat' dir='ltr'><strong>si</strong></span> <span class='ocrx_word' id='word_1_381' title='bbox 800 3843 867 3892; x_wconf 91' lang='lat' dir='ltr'><strong>nihil</strong></span> <span class='ocrx_word' id='word_1_382' title='bbox 885 3843 959 3893; x_wconf 91' lang='lat' dir='ltr'><strong>aliud</strong></span> <span class='ocrx_word' id='word_1_383' title='bbox 977 3856 1043 3894; x_wconf 88' lang='lat' dir='ltr'><strong>sane</strong></span> <span class='ocrx_word' id='word_1_384' title='bbox 1062 3842 1114 3893; x_wconf 92' lang='lat' dir='ltr'><strong>hoc</strong></span> <span class='ocrx_word' id='word_1_385' title='bbox 1132 3841 1226 3903; x_wconf 89' lang='lat' dir='ltr'><strong>didici,</strong></span> 
     </span>
     <span class='ocr_line' id='line_1_43' title="bbox 66 3907 1228 3979; baseline 0.003 -25"><span class='ocrx_word' id='word_1_386' title='bbox 66 3907 134 3958; x_wconf 86' lang='lat' dir='ltr'><strong>nulio</strong></span> <span class='ocrx_word' id='word_1_387' title='bbox 151 3925 229 3979; x_wconf 87' lang='lat' dir='ltr'><strong>saepe</strong></span> <span class='ocrx_word' id='word_1_388' title='bbox 247 3912 386 3964; x_wconf 86' lang='lat' dir='ltr'><strong>difficilius</strong></span> <span class='ocrx_word' id='word_1_389' title='bbox 404 3925 464 3964; x_wconf 88' lang='lat' dir='ltr'><strong>esse</strong></span> <span class='ocrx_word' id='word_1_390' title='bbox 482 3911 517 3962; x_wconf 88' lang='lat' dir='ltr'><strong>ab</strong></span> <span class='ocrx_word' id='word_1_391' title='bbox 536 3913 647 3962; x_wconf 90' lang='lat' dir='ltr'><strong>incertis</strong></span> <span class='ocrx_word' id='word_1_392' title='bbox 668 3913 832 3964; x_wconf 88' lang='lat' dir='ltr'><strong>coniecturis</strong></span> <span class='ocrx_word' id='word_1_393' title='bbox 856 3911 992 3964; x_wconf 90' lang='lat' dir='ltr'><strong>abstinere</strong></span> <span class='ocrx_word' id='word_1_394' title='bbox 1015 3923 1096 3976; x_wconf 89' lang='lat' dir='ltr'><strong>quam</strong></span> <span class='ocrx_word' id='word_1_395' title='bbox 1119 3910 1228 3976; x_wconf 88' lang='lat' dir='ltr'><strong>praeci-</strong></span> 
     </span>
     <span class='ocr_line' id='line_1_44' title="bbox 66 3976 1228 4048; baseline 0 -24"><span class='ocrx_word' id='word_1_396' title='bbox 66 3976 133 4038; x_wconf 88' lang='lat' dir='ltr'><strong>pitem</strong></span> <span class='ocrx_word' id='word_1_397' title='bbox 149 3981 175 4032; x_wconf 92' lang='lat' dir='ltr'><strong>in</strong></span> <span class='ocrx_word' id='word_1_398' title='bbox 193 3982 364 4033; x_wconf 86' lang='lat' dir='ltr'><strong>coniectandi</strong></span> <span class='ocrx_word' id='word_1_399' title='bbox 387 3980 542 4048; x_wconf 90' lang='lat' dir='ltr'><strong>periculum</strong></span> <span class='ocrx_word' id='word_1_400' title='bbox 565 3979 639 4034; x_wconf 92' lang='lat' dir='ltr'><strong>ferri.</strong></span> <span class='ocrx_word' id='word_1_401' title='bbox 677 3981 733 4032; x_wconf 91' lang='lat' dir='ltr'><strong>Nec</strong></span> <span class='ocrx_word' id='word_1_402' title='bbox 756 3981 851 4032; x_wconf 89' lang='lat' dir='ltr'><strong>dubito</strong></span> <span class='ocrx_word' id='word_1_403' title='bbox 876 3982 942 4046; x_wconf 89' lang='lat' dir='ltr'><strong>quin</strong></span> <span class='ocrx_word' id='word_1_404' title='bbox 967 3983 1074 4046; x_wconf 89' lang='lat' dir='ltr'><strong>etipse</strong></span> <span class='ocrx_word' id='word_1_405' title='bbox 1098 3979 1228 4030; x_wconf 88' lang='lat' dir='ltr'><strong>Polenaar</strong></span> 
     </span>
     <span class='ocr_line' id='line_1_45' title="bbox 67 4049 1227 4116; baseline -0.001 -22"><span class='ocrx_word' id='word_1_406' title='bbox 67 4055 117 4096; x_wconf 84' lang='lat' dir='ltr'><strong>mox</strong></span> <span class='ocrx_word' id='word_1_407' title='bbox 131 4054 212 4102; x_wconf 87' lang='lat' dir='ltr'><strong>artem</strong></span> <span class='ocrx_word' id='word_1_408' title='bbox 230 4051 370 4102; x_wconf 89' lang='lat' dir='ltr'><strong>nesciendi</strong></span> <span class='ocrx_word' id='word_1_409' title='bbox 388 4053 416 4101; x_wconf 91' lang='lat' dir='ltr'><strong>in</strong></span> <span class='ocrx_word' id='word_1_410' title='bbox 435 4051 499 4101; x_wconf 91' lang='lat' dir='ltr'><strong>crisi</strong></span> <span class='ocrx_word' id='word_1_411' title='bbox 517 4050 617 4100; x_wconf 88' lang='lat' dir='ltr'><strong>Gaiana</strong></span> <span class='ocrx_word' id='word_1_412' title='bbox 636 4051 745 4116; x_wconf 90' lang='lat' dir='ltr'><strong>saepius</strong></span> <span class='ocrx_word' id='word_1_413' title='bbox 762 4051 1003 4101; x_wconf 89' lang='lat' dir='ltr'><strong>commendaturus</strong></span> <span class='ocrx_word' id='word_1_414' title='bbox 1021 4051 1064 4110; x_wconf 88' lang='lat' dir='ltr'><strong>sit,</strong></span> <span class='ocrx_word' id='word_1_415' title='bbox 1084 4049 1227 4113; x_wconf 88' lang='lat' dir='ltr'><strong>postquem</strong></span> 
     </span>
     <span class='ocr_line' id='line_1_46' title="bbox 66 4114 1226 4179; baseline 0.002 -17"><span class='ocrx_word' id='word_1_416' title='bbox 66 4114 152 4174; x_wconf 86' lang='lat' dir='ltr'><strong>primns</strong></span> <span class='ocrx_word' id='word_1_417' title='bbox 174 4121 256 4170; x_wconf 90' lang='lat' dir='ltr'><strong>animi</strong></span> <span class='ocrx_word' id='word_1_418' title='bbox 274 4121 450 4171; x_wconf 88' lang='lat' dir='ltr'><strong>coniectantis</strong></span> <span class='ocrx_word' id='word_1_419' title='bbox 474 4118 556 4170; x_wconf 87' lang='lat' dir='ltr'><strong>ardor</strong></span> <span class='ocrx_word' id='word_1_420' title='bbox 578 4120 740 4171; x_wconf 87' lang='lat' dir='ltr'><strong>consederit.</strong></span> <span class='ocrx_word' id='word_1_421' title='bbox 777 4120 903 4171; x_wconf 87' lang='lat' dir='ltr'><strong>Ceterum</strong></span> <span class='ocrx_word' id='word_1_422' title='bbox 925 4117 1076 4169; x_wconf 88' lang='lat' dir='ltr'><strong>uidendum</strong></span> <span class='ocrx_word' id='word_1_423' title='bbox 1099 4129 1153 4179; x_wconf 85' lang='lat' dir='ltr'><strong>quo</strong></span> <span class='ocrx_word' id='word_1_424' title='bbox 1176 4127 1226 4164; x_wconf 88' lang='lat' dir='ltr'><strong>sua</strong></span> 
     </span>
     <span class='ocr_line' id='line_1_47' title="bbox 68 4187 670 4252; baseline -0.002 -10"><span class='ocrx_word' id='word_1_425' title='bbox 68 4192 181 4252; x_wconf 78' lang='lat' dir='ltr'><strong>quemque</strong></span> <span class='ocrx_word' id='word_1_426' title='bbox 199 4192 294 4240; x_wconf 86' lang='lat' dir='ltr'><strong>natura</strong></span> <span class='ocrx_word' id='word_1_427' title='bbox 311 4189 428 4240; x_wconf 84' lang='lat' dir='ltr'><strong>maxime</strong></span> <span class='ocrx_word' id='word_1_428' title='bbox 448 4187 519 4240; x_wconf 88' lang='lat' dir='ltr'><strong>ferre</strong></span> <span class='ocrx_word' id='word_1_429' title='bbox 537 4188 670 4241; x_wconf 88' lang='lat' dir='ltr'><strong>uideatur.</strong></span> 
     </span>
    </p>
   </div>
   <div class='ocr_carea' id='block_1_5' title="bbox 0 0 1463 4764">
    <p class='ocr_par' dir='ltr' id='par_1_6' title="bbox 0 0 1463 4764">
     <span class='ocr_line' id='line_1_48' title="bbox 0 0 1463 4764; baseline 0 0"><span class='ocrx_word' id='word_1_430' title='bbox 0 0 1463 4764; x_wconf 95' lang='lat' dir='ltr'><strong> </strong></span> 
     </span>
    </p>
   </div>
  </div>
 </body>
</html>
