2908 4764
10 549 11 560 ²
51 554 133 616 lectas
160 555 239 618 falso
270 556 459 638 explicaret,
492 559 570 621 alias
601 578 672 621 cum
703 557 860 621 similibus
889 559 973 620 notis
1003 568 1218 622 commutaret.
1266 609 1269 614 .

10 655 11 666 ’
51 641 136 702 444444
157 644 283 722 generis
306 645 556 724 corruptelarum
578 646 788 726 plurimarum
811 646 948 726 origines
964 653 999 706 ut
1013 654 1220 708 monstrarem

51 745 160 806 operam
183 728 259 791 dedi
282 730 316 789 in
337 748 437 791 rrrnrcr
461 749 602 794 uoraavu
632 732 692 794 sub
723 731 818 793 finem
848 731 1022 812 apographi
1044 733 1108 794 mei
1136 731 1217 815 (pag.

10 841 12 886 ς
51 813 211 896 tte-342)
246 815 333 896 typis
363 815 533 898 descripto.
594 815 645 880 Ad
674 817 759 880 hunc
787 817 886 898 igitur
914 816 1051 878 indicem
1081 837 1135 880 eos
1165 819 1220 899 qui

10 889 12 924 i

50 909 139 963 nostra
160 901 302 964 editione
325 905 413 964 usuri
437 913 513 966 sunt
535 905 709 966 sescenties
731 905 764 964 in
787 911 944 985 apparatu
966 903 1073 966 critico
1090 903 1221 986 delega—

49 987 138 1047 uimus
165 986 285 1050 additis
312 987 361 1050 bis
390 989 519 1051 uerbis:
553 989 633 1070 conf.
662 991 698 1050 0²
716 1009 790 1071 pop.
813 1035 839 1051 ..
855 1011 880 1068 .;
914 989 1016 1050 ueluti
1039 990 1051 1049 l
1074 988 1147 1072 §l3
1178 988 1221 1072 (in

50 1081 184 1152 apparatu
214 1073 323 1136 critico
353 1075 450 1137 huius
479 1074 628 1138 editionis
658 1095 730 1156 pag.
756 1077 789 1136 44
819 1075 1012 1138 aduersum
1038 1075 1087 1158 45)
1119 1076 1221 1140 uerba

10 1131 12 1212 i
50 1167 191 1227 praescribit
212 1168 351 1231 Gocsclrco,
373 1169 534 1234 postscribit
553 1171 596 1230 0²¹,
623 1170 690 1233 conf.
715 1170 746 1222 0³
760 1184 823 1234 pag.
837 1175 889 1226 286
906 1161 1095 1240 significant,
1123 1181 1220 1243 quam

10 1237 11 1314 l
50 1239 124 1304 lacile
138 1243 203 1305 lieri
227 1247 369 1326 potuerit
390 1255 427 1308 ut
449 1265 507 1327 pro
519 1245 706 1327 praescribit
726 1267 785 1328 per
804 1249 980 1328 scripturae
996 1247 1220 1328 compendium

10 1339 12 1388 ζ
50 1340 213 1394 exararetur
237 1331 430 1413 poctscrt'bit,
457 1333 654 1395 intellectum
677 1333 734 1412 iri,
768 1334 796 1394 si
825 1335 858 1394 in
884 1351 984 1396 mmor
1006 1334 1059 1396 illo
1082 1353 1220 1397 4444444

10 1415 12 1460 ἓ
54 1411 118 1495 (pag.
141 1417 202 1478 286
233 1436 321 1480 uers.
346 1417 376 1478 5.
401 1417 430 1499 6)
467 1419 645 1480 simillimae
675 1420 945 1500 praepositionum
975 1428 1046 1500 post
1079 1429 1110 1482 et
1141 1439 1221 1501 proc

48 1509 122 1562 notae
144 1501 359 1565 conferantur.
1022 1537 1025 1543 ·

10 1589 12 1642 l
119 1587 177 1650 Sed
199 1591 282 1652 haec
296 1590 433 1668 leuiora;
461 1590 514 1652 illa
529 1609 606 1652 uero
622 1591 743 1672 grauia,
771 1609 852 1672 quae
868 1590 909 1653 ad
925 1592 1112 1672 glossemata
1127 1611 1221 1673 spec-

10 1651 12 1702 *
50 1679 113 1747 tant;
138 1674 176 1737 de
199 1676 321 1755 quibus
344 1675 514 1738 admodum
530 1676 654 1739 lubrica
670 1679 813 1757 quaestio
830 1685 892 1739 est:
918 1697 990 1740 nam
1008 1697 1081 1740 cum
1096 1679 1220 1740 schola-

10 1813 12 1836 1
50 1774 105 1817 rum
127 1761 158 1822 in
180 1781 279 1824 usum
301 1763 518 1825 Institutiones
541 1765 704 1844 scripserit
727 1763 834 1842 Gaius,
861 1782 966 1844 neque
989 1765 1143 1844 copiosior
1162 1784 1220 1826 ex-

10 1865 12 1932 ;
49 1842 154 1921 plicatio
176 1847 311 1910 offendit
332 1867 439 1929 neque
456 1848 602 1912 eiusdem
618 1851 793 1911 sentcntiae
808 1850 921 1912 iterata
937 1851 1100 1931 repetitio;
1128 1851 1215 1932 alibi,

10 1935 12 1950 '
48 1927 92 1988 uhi
111 1935 215 2012 paucis
237 1934 350 1996 uerbis
373 1944 502 2015 practer
524 1936 775 2016 expectationem
805 1937 934 1998 insertis
964 1935 1122 1998 sententia
1150 1945 1220 1999 tur-

48 2011 133 2098 batur,
157 2039 227 2082 cum
252 2021 289 2082 in
312 2019 392 2082 libro
417 2021 441 2082 C
461 2023 561 2084 multa
583 2031 735 2084 commata
751 2031 846 2102 atque
863 2021 941 2084 adeo
957 2023 1100 2104 longiora
1116 2043 1219 2086 enun-

49 2101 107 2164 tiata
127 2105 331 2169 librariorum
354 2107 394 2168 ad
417 2107 513 2168 finem
535 2109 773 2189 properantium
796 2109 895 2170 oculis
918 2109 1035 2172 omissa
1058 2127 1127 2172 esse
1143 2129 1219 2173 cou-

48 2194 104 2268 stet‚
126 2192 274 2274 plerique
297 2212 337 2254 ex
360 2194 406 2255 eis
428 2194 509 2255 uiris
533 2193 642 2274 doctis,
671 2195 726 2275 qui
750 2195 862 2256 Gaium
886 2193 1069 2276 ediderunt,
1096 2197 1219 2258 malue-

48 2285 106 2336 mot
133 2277 170 2340 de
200 2278 439 2361 supplementis
474 2278 516 2342 ad
550 2279 721 2342 orationem
752 2281 902 2342 Gaianam
939 2280 1217 2362 redintegrandam

47 2357 239 2428 adsciscendis
266 2366 414 2447 cogitare,
439 2375 536 2446 atque
558 2368 669 2447 paucis
692 2365 804 2448 glossis
820 2366 960 2429 codicem
978 2367 1217 2448 Ginquinatum

47 2462 101 2508 csse
119 2460 324 2514 censuerunt.
372 2453 454 2514 Sane
477 2471 539 2514 non
562 2455 658 2514 nimis
680 2471 781 2533 pauca
803 2471 839 2514 ac
859 2453 954 2533 plura
978 2472 1073 2533 quam
1103 2472 1143 2514 ex
1170 2455 1217 2516 eis

47 2547 182 2617 expectes
217 2557 304 2619 quae
327 2539 360 2600 in
382 2539 535 2619 prooemii
558 2540 737 2620 apographo
759 2558 829 2600 meo
852 2539 1018 2618 praemissi
1041 2540 1158 2619 pagina
1180 2559 1218 2600 xx

47 2612 211 2687 breuissime
235 2623 318 2704 dixi,
345 2625 379 2686 in
402 2624 521 2686 librum
545 2625 569 2686 0
589 2625 757 2706 irrepsisse
781 2625 967 2705 glossemata
990 2625 1027 2704 is,
1063 2624 1119 2704 qui
1142 2623 1218 2686 dili-

47 2710 147 2780 gentius
174 2713 322 2772 animum
352 2709 513 2790 aduertet‚
546 2731 617 2773 cum
646 2712 875 2773 sententiarum
906 2729 1029 2772 conexu
1050 2709 1218 2772 docebitur

46 2795 96 2852 tum
116 2795 352 2860 Institutionum
375 2797 621 2859 Iustinianarum
638 2799 882 2878 comparatione,
909 2797 1039 2878 quaein
1054 2797 1217 2858 nonnullis

46 2873 105 2940 locis
124 2900 161 2943 ex
183 2883 264 2946 Gaio
287 2883 409 2945 haustis
431 2891 516 2944 recte
540 2884 737 2964 glossematis
761 2884 825 2946 illis
848 2892 967 2946 carent.
1014 2884 1098 2945 llaec
1123 2883 1216 2945 adul-

46 2964 126 3029 terina
153 2968 372 3032 additamenta
402 2969 557 3050 pleraque
593 2968 728 3050 singulis
764 2971 817 3032 uel
848 2970 959 3050 paucis
988 2969 1099 3031 uerbis
1130 2989 1217 3031 com-

45 3051 175 3125 prehensa
196 3064 288 3136 sunt,
314 3054 433 3136 quibus
456 3056 650 3136 glossatores·
665 3057 837 3138 praecipue
853 3065 907 3117 aut
922 3055 1094 3118 uerborum
1110 3064 1216 3118 struc-

44 3139 125 3199 turam
146 3140 303 3205 adiuuare
326 3150 380 3204 aut
402 3143 580 3204 sententiae
602 3142 656 3205 uel
678 3143 826 3205 uocabuli
856 3141 990 3204 alicuius
1019 3143 1085 3203 uim
1108 3140 1213 3222 expli-

44 3237 99 3285 care
118 3228 325 3305 studuerant3
350 3228 506 3308 exemplis
528 3248 546 3290 a
569 3248 619 3290 me
635 3229 668 3290 in
687 3228 760 3290 0³1.
779 3229 801 3289 l.
827 3228 966 3290 collectis
987 3227 1072 3291 facili
1088 3229 1214 3308 negotio

44 3305 90 3369 alia
109 3316 251 3396 exempla
275 3333 316 3375 ex
330 3314 390 3375 hac
404 3313 544 3376 editione
561 3315 631 3395 ipsa
647 3314 763 3392 addas;
790 3313 979 3394 glossemata
994 3315 1080 3375 enim
1096 3315 1210 3394 omnia,

44 3394 91 3456 nisi
110 3416 185 3478 quae
208 3402 243 3463 in
269 3409 457 3480 apparatum
480 3401 625 3462 criticum
647 3401 862 3482 relegauimus
874 3401 909 3481 ⁷),
942 3401 976 3460 in
1005 3401 1073 3480 ipso
1096 3400 1215 3462 uerbo-

45 3497 99 3542 rum
118 3483 308 3549 Gaianorum
332 3495 483 3548 contextu
510 3488 560 3548 his
581 3487 709 3550 uncinis
737 3485 769 3568 l]
796 3487 992 3567 saepsimus,
1024 3485 1106 3547 conf.
1133 3506 1161 3548 e.
1181 3505 1210 3566 g.

95 3778 116 3840 4]
134 3779 235 3832 Ρ44444
254 3779 317 3830 44444
336 3781 417 3844 atquc
442 3793 473 3830 ex
496 3783 573 3845 parte
596 3781 701 3845 ineptas
725 3777 866 3840 rubricae,
893 3791 960 3844 quas
978 3781 1007 3830 in
1025 3777 1088 3828 libri
1106 3777 1117 3826 I
1136 3779 1214 3828 initio

46 3837 72 3904 (ii
87 3848 105 3894 4.
126 3851 147 3896 8.
169 3852 194 3900 4.
216 3853 259 3899 tt.
282 3850 325 3897 tt.
347 3851 388 3898 48.
411 3853 453 3898 20.
474 3851 515 3913 28)
535 3848 654 3900 secunda
672 3861 770 3900 manus
791 3845 843 3911 (0²)
864 3851 890 3898 et
913 3847 979 3898 alibi
1001 3847 1103 3912 passim
1125 3847 1213 3911 prima

43 3918 117 3965 444444
137 3917 188 3979 (uel
207 3917 374 3979 rubricator)
395 3917 501 3968 addidit
520 3919 540 3982 (l
559 3917 661 3983 §low
687 3916 814 3984 144484.
837 3921 894 3969 tot.
915 3921 972 3969 474.
991 3919 1051 3966 tat.
1071 3917 1130 3968 444.
1151 3917 1211 3964 449.

43 3978 91 4040 ¹3⁵3
113 3984 145 4036 lll
163 3985 176 4052 4
194 3991 245 4038 434
264 3985 388 4036 -aliae
411 3986 539 4038 rubricae
564 4000 639 4038 nunc
663 3986 715 4051 legi
733 3991 888 4050 nequeunt,
909 3985 979 4037 conl.
1003 3985 1036 4036 0³
1052 3997 1114 4050 pag.
1133 3996 1212 4062 xxvru

43 4051 101 4112 seq),
124 4069 290 4121 quamquam
315 4068 369 4105 non
388 4055 499 4122 abipso
519 4057 584 4108 Gaio
604 4057 799 4122 scriptasesse
823 4058 942 4115 constat,
967 4055 1037 4106 intra
1061 4053 1111 4103 hos
1135 4064 1214 4101 uncr-

42 4125 79 4166 444
96 4120 119 4186 l]
140 4127 195 4176 suis
213 4126 282 4176 locis
301 4125 329 4174 in
348 4125 406 4189 ipso
424 4124 572 4176 uerborum
592 4126 757 4186 Gaianorum
776 4128 912 4188 contextu,
933 4127 963 4174 ut
981 4123 1113 4174 lectorum
1133 4132 1211 4169 com-

42 4188 105 4239 modo
122 4194 339 4253 consuleremus,
360 4195 531 4246 retinuimus.
