2908 4764
469 391 555 402 -..
601 357 660 419 105
704 391 790 402 ---
991 357 1026 410 111
1043 355 1169 422 440-44

86 555 220 608 matrem
237 544 370 608 eandem
393 544 572 608 habuerint.
605 547 682 606 item
704 554 836 626 patruus
859 545 966 607 fratris
988 545 1051 608 filio
1074 555 1106 608 et
1120 548 1171 608 in-

18 623 20 676 4
85 635 190 695 uicem
206 633 235 693 is
251 632 298 692 illi
313 641 446 712 agnatus
461 640 519 694 est.
550 631 662 694 codem
676 649 807 694 numero
822 641 897 694 sunt
911 631 1023 694 iratres
1041 641 1171 712 patrue-

85 719 132 780 les
148 719 236 780 inter
251 737 295 796 se,
314 717 347 780 id
364 721 482 798 estqui
499 737 539 779 ex
554 716 678 780 duobus
694 717 846 780 iratribus
865 719 1065 798 progenerati
1080 727 1166 798 sunt,

85 823 164 884 quos
193 804 340 884 plerique
367 805 464 866 etiam
486 803 690 866 consobrinos
711 813 835 866 uocant.
878 823 939 884 qua
962 805 1083 866 ratione
1106 805 1170 866 sci-

85 891 158 952 licet
188 890 285 951 etiam
314 888 355 950 ad
384 891 492 970 plures
515 889 633 970 gradus
656 891 834 970 agnationis
855 891 1027 972 peruenire
1048 891 1203 970 poteri-5

18 977 63 1042 444
85 995 166 1038 mus.
215 976 284 1037 Non
307 985 412 1036 tamen
435 975 582 1038 omnihus
605 977 700 1037 simul
722 978 845 1056 agnatis
868 975 922 1038 dat
943 977 996 1037 lex
1016 977 1061 1038 iu
1075 976 1171 1038 tabu·
1235 1037 1238 1042 .

18 1043 21 1156 4
85 1064 187 1124 larum
220 1061 445 1141 hereditatem,
479 1061 536 1124 sed
558 1061 609 1123 his
632 1064 777 1142 quitum
801 1081 873 1124 cum
895 1071 1015 1124 eertum
1038 1071 1087 1124 est
1109 1063 1169 1123 ali-

18 1149 67 1210 444
86 1167 182 1228 quem
206 1149 390 1211 intestatum
412 1147 605 1229 decessisse,
632 1149 775 1228 proximo
797 1147 897 1228 gradu
918 1157 1004 1210 sunt.
1049 1149 1113 1210 Nec
1135 1149 1178 1208 in·

87 1254 121 1296 eo
151 1237 224 1295 iure
247 1234 406 1295 successio
429 1242 486 1296 est.
526 1233 661 1314 ideoque
687 1235 714 1296 si
737 1241 870 1314 agnatus
891 1235 1055 1314 proximus
1076 1235 1169 1296 here-

87 1319 219 1386 ditatem
241 1321 392 1401 omiserit,
418 1320 471 1382 uel
486 1328 655 1400 antequam
671 1319 797 1400 adierit,
823 1318 1005 1398 decesserit,
1031 1337 1169 1400 sequen·
1186 1333 1219 1379 to

40 1407 68 1466 43
86 1407 172 1468 444)οε
194 1406 277 1476 nihil
299 1406 378 1468 iuris
401 1407 533 1486 exlege
556 1408 706 1486 conpetit.
750 1405 823 1468 Ideo
846 1414 952 1468 autem
974 1425 1037 1468 non
1059 1407 1168 1468 mortis

87 1501 227 1572 tempore
251 1493 323 1572 quis
342 1493 511 1573 promimus
531 1491 630 1573 faerit
650 1493 861 1572 requirimus,
887 1491 945 1554 sed
967 1513 1003 1554 ec
1026 1501 1167 1573 tempore

88 1597 148 1658 quo
177 1585 301 1640 certum
330 1577 428 1640 fuerit
449 1579 589 1658 aliquem
612 1579 796 1640 intestatum
818 1577 1010 1658 decessisse,
1043 1577 1118 1658 quia
1141 1579 1168 1640 si

18 1667 20 1710 l
88 1666 158 1744 quis
182 1671 354 1726 testamento
373 1663 461 1745 fecto
484 1663 666 1746 decesserit,
691 1665 806 1726 melius
825 1683 894 1726 esse
909 1666 1015 1727 uisum
1030 1663 1078 1726 est
1092 1675 1168 1734 tune

88 1751 208 1830 requiri
230 1751 428 1830 proximum,
453 1769 525 1812 eum
549 1759 669 1812 certum
693 1769 763 1812 esse
785 1751 924 1830 eoeperit
946 1751 1104 1812 neminem
1127 1769 1167 1812 ex
1186 1762 1216 1808 44

40 1837 68 1897 44
88 1856 120 1898 00
146 1843 337 1898 testamento
359 1836 426 1898 iore
449 1834 610 1898 heredem.
659 1835 749 1910 Quod
772 1835 812 1898 ad
835 1836 969 1899 feminas
991 1844 1095 1898 tamen
1118 1845 1167 1898 at-

87 1923 175 2001 tinet,
203 1923 237 1982 iu
259 1923 316 1983 hoe
338 1924 406 1984 iure
429 1922 515 1984 aliud
537 1924 570 1984 in
586 1920 599 2005 44
622 1923 764 2003 ipsarum
785 1920 1017 1985 hereditatibus
1038 1922 1268 2004 capion-peut

88 2007 135 2070 dis
161 2007 296 2088 placuit,
329 2009 415 2070 aliud
443 2009 477 2070 iu
504 2016 682 2070 ceterorum
708 2008 820 2091 [bonis]
846 2008 960 2071 abhis
989 2006 1164 2090 capiendis.

88 2113 157 2156 nam
184 2093 374 2156 feminarum
396 2093 581 2156 hereditates
603 2094 737 2175 preinde
759 2095 799 2157 ad
820 2113 877 2156 nos
899 2096 1074 2176 agnationis
1097 2097 1166 2157 iure

89 2179 222 2242 redeunt
235 2181 580 2260 atque-masculorum
608 2189 736 2243 nostroe
758 2199 835 2242 uero
855 2180 1048 2244 hereditates
1063 2179 1104 2242 ad
1120 2180 1168 2242 le-
1186 2193 1216 2239 so

88 2268 186 2328 minas
214 2267 300 2328 ultra
321 2267 628 2348 consanguineorum
651 2266 784 2347 gradum
807 2285 870 2329 non
891 2268 1064 2348 pertinent.
1106 2268 1167 2328 ita-

89 2369 147 2431 que
170 2371 258 2415 soror
280 2352 370 2414 lratri
392 2351 532 2414 sororiue
554 2354 697 2434 legitima
718 2354 809 2415 heres
833 2362 891 2432 est,
917 2355 1012 2415 amita
1035 2371 1111 2415 uero
1134 2362 1167 2415 et

90 2437 194 2500 fratris
217 2431 281 2500 filia
311 2438 451 2518 legitima
478 2439 571 2501 heres
593 2458 662 2502 esse
686 2436 761 2522 (coc
780 2446 887 2520 potest.
926 2439 1042 2501 sororis
1065 2447 1165 2501 autem

88 2523 169 2586 cobis
184 2525 246 2586 ioco
262 2521 320 2608 est>
345 2525 440 2586 etiam
462 2533 563 2586 mater
585 2533 640 2588 aut
661 2543 796 2588 nouerca
818 2544 899 2606 quae
914 2543 973 2605 per
987 2527 1021 2585 in
1036 2543 1164 2586 manum

89 2613 327 2672 conuentionem
355 2611 440 2692 apud
467 2620 589 2691 patrem
618 2619 760 2674 nostrum
791 2613 861 2673 iura
883 2611 965 2672 filiae
987 2618 1081 2672 necta
1103 2619 1162 2672 est.
1184 2621 1216 2668 at

89 2761 175 2776 ΑΛΛιΑΛ

154 2849 206 2915 444
229 2849 286 2901 lere
305 2870 337 2894 =
355 2851 419 2902 inst.
436 2853 459 2913 ³,
476 2853 499 2914 4,
516 2856 540 2901 4.

156 3077 165 3120 4
187 3075 303 3124 matrem
322 3073 438 3124 eandem
458 3073 478 3124 0
495 3079 520 3124 04
540 3074 612 3134 0044,
633 3073 747 3125 eandem
766 3077 881 3124 matrem
901 3075 963 3126 lost.
984 3074 995 3138 44
1013 3078 1105 3138 patrus
1121 3071 1167 3140 04

93 3142 190 3192 440404·
213 3156 242 3193 se
269 3140 334 3192 004
359 3142 430 3201 0044,
457 3156 506 3192 om.
527 3144 589 3194 lost.
614 3142 626 3206 44
649 3145 821 3207 progenerati
842 3143 861 3194 0
884 3149 908 3194 04
929 3143 1002 3203 0044,
1029 3144 1165 3208 procreati

93 3209 150 3260 lost.
163 3209 174 3274 44
193 3213 259 3260 4-5
272 3211 377 3261 scilicet
392 3211 448 3262 004
463 3211 535 3271 0044,
550 3225 598 3262 om.
613 3213 673 3262 lost.
694 3211 705 3276 4
726 3216 739 3261 6
753 3213 856 3276 agnatis
872 3213 934 3264 0044.
949 3213 1061 3273 041004,
1081 3226 1166 3276 agna-

94 3278 136 3328 4440
155 3279 172 3329 0
189 3279 201 3343 4
217 3294 252 3330 xu
272 3279 427 3330 tabularum
448 3280 482 3330 cn
507 3285 531 3330 04
553 3281 623 3341 0044,
648 3293 697 3331 om.
717 3282 779 3332 lost.
807 3295 866 3332 0004
884 3281 952 3344 lipit.
972 3280 984 3344 44
1002 3285 1016 3330 ‘1
1036 3283 1083 3346 qui
1105 3281 1165 3332 0044.

92 3351 115 3395 04
133 3347 200 3408 lost,
227 3347 327 3412 quihus
348 3349 368 3400 0
391 3349 402 3413 44
425 3352 482 3399 tum
507 3362 569 3400 cum
597 3349 625 3409 0,
651 3353 718 3400 4000
739 3350 813 3410 0044,
838 3353 903 3400 4000
924 3388 998 3402 ....
1019 3363 1081 3401 cum
1101 3350 1164 3401 lost.

93 3416 200 3475 (4000400
224 3419 302 3468 simul
323 3419 464 3468 certorum
485 3419 587 3479 ordine)
610 3418 622 3481 14
646 3423 660 3468 8
680 3419 835 3470 intestatum
857 3419 877 3470 0
899 3421 1015 3479 041004,
1040 3421 1165 3470 intestato

96 3482 182 3549 00444
201 3485 352 3537 decessisse
380 3486 399 3538 0
422 3487 527 3538 041044.
555 3493 579 3538 04
620 3501 642 3546 0,
668 3487 828 3539 decessisset
846 3488 868 3537 Β
886 3493 911 3538 04
932 3489 961 3538 Vi
983 3488 995 3552 44
1019 3490 1166 3550 saguntus

96 3551 123 3612 0,
145 3552 255 3606 heredes
274 3556 305 3614 B,
332 3555 460 3606 heredem
483 3557 515 3606 Ve
533 3561 557 3606 04
598 3557 607 3608 i
630 3556 641 3620 44
666 3559 748 3605 9-44
774 3557 953 3607 hereditatem
978 3558 1100 3607 omiserit
1121 3556 1165 3607 uel

93 3624 226 3686 antequam
243 3623 287 3684 0¹¹,
302 3625 425 3675 omiserit
435 3624 480 3674 uel
493 3627 638 3688 antequam
651 3625 829 3676 hereditatem
844 3624 905 3676 0044.
923 3625 935 3690 44
953 3629 983 3674 44
998 3624 1079 3676 fuerit
1091 3627 1166 3677 Pole-

93 3703 164 3751 occr,
177 3695 228 3742 erit
243 3693 298 3745 004
314 3693 376 3744 0044.
391 3693 402 3756 44
422 3697 454 3742 te
468 3695 531 3757 quia
547 3693 590 3757 0¹¹,
606 3707 689 3758 quam
704 3693 764 3745 0044.
779 3695 791 3758 44
805 3696 835 3743 44
850 3696 914 3745 4000
930 3694 1004 3754 0044,
1018 3693 1166 3745 tuncetiis‘l

97 3757 114 3807 0
132 3756 143 3821 4
158 3763 186 3809 44
204 3775 236 3811 00
254 3774 304 3812 cru.
320 3763 342 3811 B
360 3767 385 3812 04
400 3763 429 3813 Vt
445 3762 456 3824 44
474 3761 531 3812 iore
549 3762 678 3814 heredem
693 3763 737 3824 01¹,
760 3763 889 3814 heredem
901 3762 958 3814 lore
972 3761 1033 3814 0044.
1050 3763 1062 3827 ΙΙ
1080 3763 1162 3828 quod]

94 3828 140 3888 qui
155 3829 181 3888 Β,
208 3829 325 3894 quedam
347 3832 375 3881 Vi
397 3831 408 3894 44
433 3835 464 3880 44
484 3833 512 3881 in
529 3831 582 3882 hoc
603 3831 631 3893 0,
651 3832 704 3883 hoc
724 3831 786 3883 0044.
811 3833 822 3896 44
849 3831 1002 3896 lupiacus
1023 3832 1051 3891 0,
1076 3833 1165 3897 placet

97 3893 186 3962 00444
207 3899 286 3949 honis
314 3899 341 3960 0,
367 3912 417 3952 oct
447 3900 509 3954 0044,
532 3900 544 3964 44
568 3905 598 3950 49
617 3914 680 3951 nam
702 3900 730 3961 0,
755 3914 818 3951 nam
836 3903 863 3952 et
883 3900 944 3952 0044.
967 3901 979 3965 44
1001 3902 1165 3952 hereditates

97 3961 156 4013 0044.
173 3972 195 4018 04
211 3968 322 4030 sortasse
337 3967 372 4020 0ῃ
390 3971 430 4026 (io
447 3983 496 4032 0440
514 3974 600 4020 tameo
616 3969 729 4032 sortasse
741 3970 852 4034 quidem
865 3970 1030 4021 hereditates
1042 3971 1084 4020 004
1095 3983 1165 4032 quo-

95 4044 146 4095 que
166 4035 325 4087 hereditates
349 4039 445 4098 0044444)
469 4038 480 4101 44
503 4041 531 4088 04
549 4050 599 4089 000
621 4039 648 4102 0,
674 4052 723 4088 om.
748 4038 812 4090 0044.
836 4039 847 4103 44
871 4043 902 4088 43
922 4040 1040 4102 legitima
1061 4037 1089 4097 0,
1113 4049 1161 4086 om.

98 4099 158 4153 0044.
178 4103 189 4166 4
213 4107 311 4154 44-44
330 4103 358 4173 (l
376 4107 474 4157 eddidit
494 4107 623 4158 00000400
641 4121 675 4157 ee
696 4107 759 4158 0044
784 4108 796 4171 4
818 4112 851 4162 st
871 4111 931 4158 iura
953 4107 980 4167 0,
1007 4108 1049 4157 400
1071 4104 1131 4156 0044.
1155 4101 1165 4172 4

94 4171 206 4221 nancta?
226 4173 245 4225 0
262 4175 340 4237 (eoos.
363 4174 416 4238 0⁸),
437 4179 533 4226 cuncte
553 4176 617 4227 Bet
639 4177 680 4238 Ve,
700 4177 795 4227 iuncta
817 4177 854 4227 Vi.
