2966 4758
515 348 600 359 .-..
647 313 708 376 169
752 348 838 359 -...
1022 313 1057 362 1v
1075 306 1219 377 444-444

728 499 732 586 Ι
757 502 812 582 qui
835 500 1001 565 formulam
1022 502 1141 582 arripit,
1168 501 1220 562 in-

133 587 265 650 tendere
288 587 393 666 debet,
420 606 478 648 nee
500 586 640 673 emplius!
854 597 938 651 certa
958 587 1218 650 condemnatione

133 675 378 845 constringi—A—

287 865 289 870 ’
342 843 452 930 {usque
475 847 565 908 uelit.
1238 856 1252 902 4

68 935 108 996 53
222 929 263 1016 (Si
286 934 359 1012 quis
382 932 558 994 intentione
581 932 654 1012 plus
670 933 845 1012 conplexus
861 931 967 1010 fuerit,
987 949 1085 993 causo
1100 930 1191 1009 cudit,
1213 927 1217 1014 Ι

134 1017 168 1079 id
191 1026 240 1080 est
263 1037 330 1081 rem
352 1017 477 1099 perdit,
511 1037 570 1080 neo
593 1039 611 1081 a
633 1027 779 1098 praetore
803 1019 836 1080 in
858 1020 1014 1100 integrum
1037 1017 1219 1078 restituitur

135 1106 278 1185 exeeptis
304 1101 309 1188 Ι
336 1104 531 1184 quibusdam
560 1103 687 1166 casibus
717 1106 750 1165 in
777 1105 889 1185 quibus
1093 1112 1220 1184 praetor

133 1209 196 1252 non
218 1192 340 1271 patitur
364 1186 1220 1274 J———-——---————-—-

55 1280 111 1340 53·
367 1272 1062 1360 Ι--------
1074 1275 1146 1337 Plus
1161 1293 1220 1335 ou·
1238 1283 1269 1330 44

134 1369 192 1424 tem
213 1369 357 1444 quattuor
377 1358 381 1448 Ι
401 1361 504 1424 modis
519 1364 657 1443 petitur:
683 1382 725 1442 re,
751 1372 903 1444 tempore,
929 1363 1006 1442 loeo,
1025 1380 1130 1424 eausa.
1170 1379 1215 1437 re,

133 1448 232 1509 ueluti
251 1449 281 1509 44
301 1449 368 1530 quit
387 1467 446 1529 pro
467 1451 491 1508 ἱ
515 1445 519 1532 Ι
545 1449 675 1511 milibus
704 1467 785 1528 quae
814 1450 844 1509 ei
866 1448 1039 1527 debentur,
1072 1449 1110 1508 x‘x
1131 1448 1220 1509 milia

134 1535 273 1614 petierit,
300 1542 357 1596 out
378 1535 406 1595 si
429 1536 455 1596 44
478 1535 565 1596 cuius
591 1531 596 1618 Ι
623 1554 663 1596 ex
685 1544 775 1615 perte
799 1555 851 1597 res
874 1544 932 1612 444,
959 1543 1054 1596 totam
1078 1553 1146 1596 earn
1166 1541 1221 1595 aut

55 1618 111 1684 53b
133 1620 252 1681 maiore
274 1639 315 1681 ex
337 1630 533 1700 pertenuem
552 1617 557 1706 Ι
578 1641 647 1684 esse
671 1620 852 1683 intenderit.
896 1623 1037 1702 Tempore
1056 1621 1128 1701 plus
1142 1621 1221 1700 peti-

11 1779 12 1784 *
56 1709 112 1770 53⁰
135 1713 197 1784 tur,
222 1706 319 1768 44444444
339 1708 369 1768 44
389 1707 458 1788 quir
484 1704 488 1790 Ι
516 1716 589 1770 ente
618 1708 695 1769 diem
721 1709 854 1788 petierit.
900 1709 974 1768 Loco
994 1707 1067 1787 plur
1090 1707 1216 1786 petitur,
1239 1716 1270 1762 44

11 1803 12 1810 ³
134 1792 233 1854 ueluti
253 1793 283 1853 44
303 1793 382 1873 quod
404 1800 483 1854 certo
506 1793 567 1855 loco
594 1789 598 1878 Ι
626 1793 695 1854 deri
717 1793 911 1874 promissum
935 1801 993 1870 est,
1018 1791 1053 1854 id
1076 1792 1137 1852 etio
1159 1791 1220 1852 toc'o

133 1881 200 1939 44444
228 1877 517 1962 commemoratione
549 1881 619 1940 eius
650 1880 710 1941 looi
739 1887 876 1960 potatur,
908 1879 999 1941 uelut
1026 1878 1053 1939 si
1081 1879 1148 1959 quie
1178 1878 1221 1938 ito

133 1964 298 2044 stabulator
315 1963 414 2045 suerit
428 1986 539 2027 4444444
562 1962 566 2048 Ι
592 1985 668 2026 ntur
691 1965 855 2045 moueret,
882 1965 990 2027 deinde
1005 1966 1120 2025 Romae
1142 1981 1222 2044 pure

133 2050 272 2112 t'rttertdat
292 2072 368 2112 44444
390 2072 452 2112 err]
466 2072 629 2113 oronrunr.
653 2048 657 2136 Ι
677 2085 1220 2096 ---------

618 2134 621 2222 Ι
639 2137 716 2199 dere
732 2138 810 2198 mibi
834 2145 1221 2218 oportere-——-—
1238 2146 1270 2192 44

1082 2223 1110 2284 (2
1127 2235 1221 2271 44444444

11 2071 13 2100 ⁸
35 2125 38 2142 ,

11 2171 13 2254 Ι

131 2345 160 2391 444
181 2342 200 2394 ⁰
218 2344 268 2405 Ιθθῑ
284 2348 424 2403 mmm)
795 2373 804 2460 ΙΙ
826 2386 937 2457 petere
961 2375 994 2436 id
1017 2384 1065 2439 est
1082 2396 1145 2438 non
1161 2376 1321 2450 ed-pg.2⁰⁷

57 2459 111 2527 53⁶
132 2464 213 2525 ieeto
236 2463 312 2524 loeo.
352 2463 452 2526 Causa
474 2464 549 2543 plus
571 2465 703 2544 petitur,
729 2463 818 2524 uelut
839 2464 866 2524 si
889 2463 962 2542 quis
986 2463 1020 2522 in
1043 2463 1219 2524 intentione

134 2624 185 2640 ,ΛΝ

201 2722 258 2788 §te
277 2735 365 2786 usque
384 2689 449 2772 add
465 2724 613 2772 restituitur
632 2721 700 2772 conf.
714 2723 779 2772 Inst.
795 2725 818 2784 t,
838 2726 861 2783 6,
878 2724 908 2770 34
926 2719 937 2787 ΙΙ
954 2719 1026 2786 §53⁸
1043 2719 1220 2772 fere=1nst

132 2791 289 2854 4444411
312 2789 387 2856 §531³
404 2789 459 2840 fere
478 2810 510 2832 =
530 2793 594 2841 lust.
609 2794 632 2851 t,
650 2795 673 2854 6,
689 2789 736 2839 331>
759 2791 770 2854 ΙΙ
794 2789 866 2855 §530
885 2803 972 2854 usque
991 2790 1026 2840 ad
1046 2793 1076 2838 49
1096 2805 1221 2839 ororrrrr

131 2859 187 2912 tere
207 2880 239 2904 =
258 2862 323 2910 lust.
340 2862 363 2921 4,
379 2864 404 2921 6,
419 2864 464 2909 444
480 2857 490 2926 ΙΙ
513 2855 588 2924 §ted
607 2874 640 2910 en
657 2864 733 2925 parte
753 2859 823 2910 cont.
845 2861 909 2910 Inst.
924 2862 948 2921 4,
965 2862 989 2921 6,
1005 2853 1061 2910 ted.

1167 3004 1217 3019 ΑΛΛι

134 3103 196 3165 quid
213 3105 286 3151 actor
303 3102 346 3151 4444
357 3114 419 3150 reus
431 3101 564 3151 attendere
576 3101 673 3161 4444444,
693 3113 726 3150 ue
743 3102 804 3162 quid
821 3103 910 3151 domm·
929 3104 1015 3163 cupiat
1032 3115 1066 3151 444
1077 3102 1145 3151 mole
1157 3115 1219 3151 coo-

133 3176 206 3233 ceptu
225 3171 450 3229 condemnatorem
474 3170 564 3219 (44444444
587 3172 713 3232 edebatur
735 3171 766 3219 444
788 3170 902 3232 formula
926 3173 1042 3234 infinitae
1064 3172 1220 3221 condemua-

133 3242 210 3290 4444444
235 3241 326 3300 (usque
349 3240 383 3288 ad
403 3252 468 3302 paq.
487 3241 576 3297 ⁴69,5
597 3241 673 3289 4444444
694 3239 826 3298 4444444444,·
852 3243 915 3289 omitt
937 3241 1018 3302 4944444
1035 3241 1220 3302 paragraphus

130 3309 243 3371 sortasse
260 3309 288 3356 444
306 3308 369 3357 boec
385 3308 483 3357 uerba:
501 3309 592 3372 potest
617 3308 722 3370 (scilicet
744 3307 824 3357 iudex
843 3308 890 3357 tali
908 3306 1024 3358 formula
1042 3307 1131 3366 datus,
1151 3322 1220 3372 quoe

131 3376 536 3426 infinitem'eondemnattonem
555 3375 647 3436 hebet)
667 3376 859 3436 condemnere,
881 3389 1035 3440 quousque
1052 3376 1140 3427 uelit.

201 3446 383 3496 tintentione
403 3444 429 3506 0,
457 3446 485 3494 in
503 3446 652 3496 intentione
670 3457 719 3494 sue
739 3442 829 3509 1444411
853 3449 867 3494 6
886 3446 1013 3506 suppleuit
1036 3446 1220 3496 Vetertoltmor

132 3516 165 3564 od
178 3515 243 3564 44444.
262 3511 272 3580 ΙΙ
291 3519 304 3562 7
324 3515 458 3577 integrum
471 3515 546 3574 14444,
566 3515 670 3578 integro
686 3512 705 3562 O
720 3509 730 3580 ΙΙ
746 3527 840 3563 uersor
854 3516 953 3562 40-49
971 3514 1080 3563 44414444.
1096 3516 1219 3576 mopten-

132 3585 177 3633 4444
196 3597 251 3632 4444
269 3596 321 3632 noo
332 3583 400 3646 444944
414 3583 588 3634 Goesetmum
604 3580 614 3650 ΙΙ
632 3587 659 3632 44
679 3585 776 3644 (priore
789 3583 852 3641 loeo)
866 3595 895 3631 re
909 3582 983 3643 14444,
1001 3595 1046 3632 res
1062 3581 1089 3642 0,
1105 3583 1172 3646 eoos.
1188 3582 1219 3633 04

128 3665 192 3716 puy.
205 3656 257 3706 298
268 3665 339 3701 44444.
352 3653 386 3702 54
404 3648 414 3718 ΙΙ
431 3655 463 3700 44
476 3651 612 3702 debentur
628 3652 655 3714 G,
676 3650 846 3701 debebantur
859 3652 921 3701 14444.
936 3647 946 3717 ΙΙ
958 3655 988 3700 43
1003 3654 1044 3700 est
1057 3652 1132 3713 44444,
1148 3655 1219 3702 esset

133 3719 176 3780 Cn,
198 3721 265 3782 conf.
284 3720 315 3770 ca
330 3733 392 3783 paq.
407 3726 460 3775 266
477 3734 547 3770 44444.
563 3727 578 3770 4
595 3718 605 3787 ΙΙ
624 3721 793 3784 (4414444444
808 3718 850 3782 Cn,
871 3720 916 3769 uel
930 3721 991 3769 44444.
1009 3716 1019 3786 ΙΙ
1038 3722 1138 3770 44-45
1157 3721 1218 3785 plus

131 3791 241 3853 petitur,
261 3802 327 3851 quoe
338 3790 420 3839 444444
428 3795 537 3851 propter
549 3793 662 3852 spatium
673 3792 701 3839 444
716 3788 735 3839 0
753 3802 835 3850 supra
847 3790 965 3850 suppleta
978 3794 1047 3848 444444,
1068 3802 1117 3839 om.
1133 3791 1194 3839 44444.
1209 3788 1219 3852 ΙΙ

133 3862 164 3907 tt
183 3857 266 3920 diem]
288 3858 361 3908 diem
379 3859 424 3908 uel
437 3862 500 3908 ente
513 3859 701 3908 condicionem
716 3858 795 3917 44444.,·
816 3859 883 3921 conf.
900 3859 1019 3922 Krueyer
1030 3861 1058 3908 444
1074 3858 1218 3919 zeitschrift

131 3925 176 3988 4444
188 3927 420 3990 4444449444444444
437 3929 490 3977 4444.
509 3928 555 3977 VII
568 3940 629 3990 pay.
645 3931 697 3980 255
709 3940 775 3988 seqq.
796 3923 806 3992 ΙΙ
825 3931 855 3976 44
875 3927 982 3990 deinde]
998 3927 1087 3976 dotet
1101 3925 1127 3988 C,
1148 3926 1214 3987 cons.

135 3993 309 4059 4314449444
325 4008 396 4046 uere.
412 4000 444 4044 44
468 3992 478 4061 ΙΙ
503 3999 535 4044 44
563 3999 631 4058 (unte
654 3997 754 4059 petere)
782 3997 849 4046 dimit
877 3995 958 4046 644444
982 4009 1040 4046 eum
1063 3996 1218 4057 quideme

132 4065 270 4125 stipulatus
286 4064 367 4127 fuerit
384 4079 476 4112 rrursr
489 4079 555 4112 444444
571 4065 708 4124 urerent,
729 4065 823 4126 Romu
838 4077 914 4126 petre
929 4078 997 4126 pure
1013 4066 1120 4126 petere
1139 4067 1188 4113 etc.
1208 4061 1218 4128 ΙΙ

132 4136 173 4183 est
190 4134 314 4196 Hotlweq,
334 4133 404 4183 esti?
424 4131 467 4182 Cn.
