2908 4764
253 390 277 438 ιι
296 387 424 455 §ee-sa
649 423 735 435 ..-
778 389 819 451 52
863 423 948 434 ..-

191 580 233 640 36
257 581 456 642 Testamento
479 587 585 640 eutem
608 579 745 659 scriptus
768 579 858 640 heres
877 587 950 640 ante
966 577 1084 640 aditam
1100 576 1230 657 quidem
1246 578 1339 640 here-

256 663 388 726 ditatem
418 666 451 725 in
481 666 551 728 inre
581 663 723 726 cedendo
755 683 824 726 eam
847 664 899 727 alti
922 663 1001 726 nihil
1025 662 1100 744 agit3
1132 672 1243 745 postea
1264 682 1338 725 uero

256 770 353 832 quem
376 748 492 813 adierit
514 750 542 812 si
565 749 667 830 cedat,
701 769 738 812 ec
761 748 909 820 accidunt
931 769 1014 831 quae
1036 750 1178 830 proxime
1200 749 1338 812 diximus

256 836 296 899 de
319 856 356 898 eo
379 835 420 899 ad
443 854 537 916 quern
560 837 601 898 ab
623 834 771 898 intestato
793 835 934 915 legitimo
956 836 1027 897 iure
1050 835 1192 916 pertinet
1212 834 1339 898 heredi-

191 922 232 984 37
255 934 313 1001 tas,
339 923 367 984 si
389 932 461 1003 post
482 921 707 1004 obligationem
729 917 794 1008 (in)
812 922 881 984 iure
904 921 1007 984 cedat.
1059 920 1144 984 Idem
1168 931 1200 984 et
1223 920 1264 983 de
1285 933 1366 983 rue-t
1392 939 1394 978 3

182 1065 199 1078 ,,
255 1009 402 1072 cessariis
431 1007 602 1071 heredibus
631 1007 781 1070 diuersae
810 1007 934 1070 scholae
968 1017 1112 1070 auctores
1145 1007 1335 1084 existimant,

256 1094 343 1177 quod
365 1095 444 1156 nihil
466 1093 597 1156 uidetur
618 1095 783 1174 interesse,
809 1103 916 1156 utrum
926 1087 1071 1179 (aliquis)
1087 1092 1234 1158 adeundo
1250 1095 1339 1156 herc-

256 1180 382 1244 ditatent
406 1180 461 1243 fiat
482 1181 583 1259 hereS,
610 1199 650 1242 an
674 1181 795 1243 inuitus
818 1179 954 1257 existet,
982 1179 1067 1261 quod
1090 1179 1184 1260 quale
1208 1181 1260 1258 sit,
1286 1199 1339 1242 suo

256 1269 322 1328 loco
344 1265 515 1347 apparebit.
557 1265 612 1328 sed
643 1267 743 1328 nostri
765 1274 987 1346 praeceptores
1010 1275 1125 1346 putant
1146 1265 1227 1326 nihil
1250 1284 1339 1348 egere

256 1354 474 1429 necessarium
496 1351 655 1431 heredem,
683 1372 754 1415 curn
777 1353 810 1412 in
834 1353 904 1413 iure
927 1350 1019 1415 cedat
1040 1351 1261 1414 hereditatem.
1355 1361 1380 1408 n

191 1439 231 1499 38
341 1437 556 1518 obligationes
578 1456 706 1519 quoquo
728 1436 820 1499 modo
842 1446 1020 1501 contractae
1035 1438 1118 1500 nihil
1133 1457 1244 1500 eorum
1262 1437 1340 1500 reci-

256 1525 363 1605 piunt.
396 1543 469 1586 nam
493 1523 579 1604 quod
601 1525 679 1584 mihi
703 1523 872 1604 abaliquo
896 1523 1045 1604 debetur,
1071 1523 1105 1586 id
1127 1525 1154 1586 si
1169 1524 1268 1586 uelim
1284 1523 1339 1586 tibi

256 1609 378 1688 deberi,
404 1611 493 1672 nullo
516 1629 625 1672 eorum
648 1610 750 1688 modo,
776 1608 895 1690 quibus
917 1627 968 1672 res
991 1611 1170 1691 corporales
1188 1609 1229 1672 ad
1245 1610 1339 1676 aliurn
1394 1623 1395 1630 ¹
1442 1615 1443 1622 ’

256 1696 505 1776 transferuntur,
531 1695 565 1758 id
588 1694 714 1758 efficere
737 1713 875 1778 possum,
908 1695 967 1758 sed
982 1715 1063 1777 opus
1078 1706 1137 1776 est,
1162 1704 1200 1758 ut
1215 1695 1338 1758 iubente
1374 1771 1376 1774 ¹

257 1802 307 1844 me
329 1791 366 1843 tu
389 1781 429 1845 ab
453 1801 489 1844 eo
505 1782 687 1862 stipuleris3
716 1801 864 1862 quaeres
881 1781 986 1860 efficit,
1013 1791 1050 1844 ut
1072 1803 1090 1844 a
1112 1801 1162 1844 me
1185 1781 1340 1844 liberetur
1355 1792 1381 1838 n

194 1869 234 1930 39
259 1879 291 1930 et
306 1869 438 1948 incipiat
452 1867 512 1929 tibi
527 1866 646 1946 teneri;
666 1887 750 1949 quoe
767 1867 884 1929 dicitur
895 1868 1024 1930 nouatio
1036 1867 1249 1950 obligationis
1276 1869 1340 1930 sine

258 1955 317 2016 hac
339 1973 418 2015 uero
434 1954 602 2015 nouetione
618 1973 681 2014 non
698 1955 818 2035 poteris
834 1961 889 2016 tuo
904 1955 1032 2017 nomine
1050 1973 1153 2035 agere,
1171 1953 1228 2018 sed
1244 1953 1340 2016 debes

260 2058 299 2102 ex
314 2058 449 2118 persona
462 2059 533 2101 mea
544 2039 638 2120 quasi
649 2041 790 2120 cognitor
800 2036 810 2124 ll
821 2048 877 2102 eut
887 2046 1071 2121 procurator
1082 2059 1173 2102 meus
1185 2041 1420 2120 experiripagnl
1438 2076 1439 2082 κ

195 2126 233 2186 tt
344 2125 496 2206 Sequitur
531 2135 568 2187 ut
605 2125 831 2190 admoneamus
868 2125 955 2206 apud
990 2127 1177 2207 peregrinos
1211 2126 1340 2207 quidem

258 2230 360 2272 unum
383 2229 453 2273 esse
476 2211 667 2288 dominium,
697 2231 770 2275 nam
793 2221 847 2274 aut
870 2211 1017 2274 dominus
1040 2213 1179 2294 quisque
1203 2221 1264 2288 est,
1290 2221 1341 2274 aut
1355 2222 1382 2268 ιι

259 2297 408 2359 dominus
429 2316 492 2359 non
516 2297 724 2378 intellegitur.
762 2299 831 2371 Quo
853 2299 925 2360 iure
949 2298 1047 2360 etiarn
1067 2298 1207 2379 populus
1229 2299 1341 2360 Roma-

259 2403 321 2446 nus
344 2383 418 2445 olim
441 2384 609 2446 utebatur:
635 2393 691 2446 aut
713 2385 798 2446 enirn
821 2404 861 2446 ex
883 2385 954 2446 iure
974 2385 1143 2456 Quiritium
1164 2385 1341 2464 unusquis-

259 2489 323 2550 que
352 2469 500 2534 dominus
530 2479 610 2549 erat,
649 2481 704 2532 aut
733 2491 796 2532 non
819 2469 1066 2550 intellegebatur
1087 2469 1248 2532 dominus.
1289 2468 1341 2530 sed

259 2567 369 2637 postea
392 2556 585 2619 diuisionem
607 2558 731 2638 accepit
752 2555 938 2637 dominium,
964 2565 1000 2618 ut
1029 2556 1112 2618 elius
1141 2556 1244 2637 possit
1274 2574 1340 2617 esse

197 2643 230 2702 ll
260 2661 300 2703 ex
322 2643 393 2704 iure
416 2643 590 2715 Quiritium
613 2642 772 2723 dominuS,
798 2642 881 2704 elius
896 2642 930 2702 in
948 2641 1041 2704 bonis
1057 2643 1186 2705 habere.
1227 2660 1301 2703 noan
1316 2641 1383 2702 sict

260 2729 318 2789 tihi
342 2748 410 2790 rem
432 2730 583 2810 mancipii
605 2748 711 2809 neque
734 2730 958 2810 mancipauero
981 2747 1088 2809 neque
1111 2729 1144 2790 in
1167 2729 1238 2790 iure
1273 2745 1341 2789 ces·

261 2833 342 2888 sero,
374 2814 431 2876 sed
457 2823 581 2876 tantum
609 2813 786 2893 tradidero,
820 2813 968 2876 inbonis
990 2813 1122 2895 quidem
1144 2815 1210 2876 tuis
1233 2833 1270 2876 ea
1292 2831 1340 2874 res

261 2899 410 2976 efficitur,
436 2918 476 2960 ex
498 2901 567 2962 iure
592 2901 764 2972 Quiritium
787 2919 864 2962 uero
891 2919 962 2963 mea
990 2900 1207 2980 permanebit,
1245 2898 1340 2962 donec
1443 2933 1444 2978 3

260 2994 296 3046 tu
319 3003 388 3046 earn
411 2984 605 3064 possidendo
627 2986 812 3066 usucapias;
851 2987 950 3048 semel
979 2987 1065 3050 enim
1087 2987 1206 3067 inpleta
1228 3004 1340 3047 usuca·
1442 3051 1444 3070 Ι

261 3071 357 3150 pione
379 3069 513 3150 proinde
535 3071 631 3151 pleno
654 3071 723 3132 iure
747 3071 870 3151 incipit,
896 3071 930 3134 id
952 3081 1001 3133 est
1023 3082 1055 3134 et
1077 3073 1110 3133 in
1132 3072 1227 3134 bonis
1250 3080 1282 3133 et
1303 3090 1339 3134 ex
1355 3081 1383 3127 ιι
1443 3089 1444 3150 3

261 3157 332 3217 iure
355 3155 526 3228 Quiritium
554 3166 608 3218 tua
637 3175 691 3218 res
719 3176 806 3235 esse,
838 3176 875 3219 ac
903 3159 930 3220 si
960 3176 996 3218 ea
1024 3159 1203 3239 mancipata
1232 3158 1288 3219 uel
1308 3158 1339 3218 in
1443 3187 1444 3230 t

197 3242 270 3303 lh
261 3260 332 3303 rure
354 3260 444 3304 cessa
459 3235 563 3326 (esset.
601 3244 747 3323 Vsncapio
770 3239 886 3328 entem)
902 3243 1069 3306 mobilium
1088 3244 1220 3324 quidem
1234 3262 1339 3306 rerum
1443 3231 1444 3262 ³

260 3346 342 3389 anno
364 3328 539 3408 conpletur,
564 3328 657 3391 fundi
680 3347 757 3391 uero
780 3338 812 3392 et
833 3329 960 3392 aedium
983 3329 1128 3408 bienni03
1156 3339 1188 3438 et
1210 3332 1254 3393 ita
1270 3332 1339 3410 lege
1443 3329 1444 3336 ’

260 3415 303 3474 ῑιι
325 3412 507 3476 tabularum
530 3424 659 3478 cautum
682 3423 742 3477 est.

259 3521 878 3626 mmmm
804 3560 866 3623 loco]
887 3558 916 3625 §9
931 3564 979 3610 tna
992 3575 1049 3624 seq.

330 3691 344 3736 2
365 3687 420 3750 agit
440 3686 578 3750 Goeschcn,
598 3688 640 3751 agi
662 3687 682 3739 0
699 3686 710 3752 9
730 3693 744 3737 5
764 3687 957 3750 obligationem
978 3688 1006 3750 C,
1032 3689 1182 3740 aditionem
1203 3689 1338 3746 Goerohen,

260 3755 327 3819 conf.
348 3769 431 3818 snpra
449 3757 483 3805 od
497 3769 559 3820 999
575 3760 618 3818 54,
633 3759 665 3806 28
690 3757 701 3820 ΙΙ
725 3758 752 3806 in
771 3759 870 3808 eddidit
890 3757 1019 3808 Goesclton
1040 3755 1052 3822 ΙΙ
1073 3761 1086 3808 7
1107 3759 1206 3822 aliquis
1224 3764 1296 3818 eme,
1310 3757 1341 3807 87

259 3826 359 3876 eddidit
376 3825 526 3875 Loelnnonn
543 3825 554 3889 ΙΙ
572 3825 753 3876 hereditatem
772 3826 897 3890 Huschke,
918 3826 1196 3878 hereditatemstatem
1211 3825 1255 3887 Cn,
1275 3825 1340 3888 conf.
1443 3889 1444 3892 Ἴ

262 3894 295 3945 0²
313 3907 375 3958 999
388 3893 468 3958 2701!
488 3895 502 3943 8
521 3894 617 3944 existat
638 3894 776 3954 Goeschen,
801 3897 918 3946 existant
939 3893 987 3960 Cll
1007 3897 1021 3943 9
1040 3894 1181 3961 apparebit
1201 3895 1338 3956 Goesoltcn,

259 3964 433 4029 appareuitur
449 3962 493 4024 Gn,
513 3963 579 4026 conf.
597 3961 627 4013 0⁸
642 3975 707 4027 po9.
719 3967 772 4014 506
784 3960 792 4030 ll
811 3966 842 4012 tt
856 3976 966 4029 possum
983 3964 1120 4027 Gocoolten,
1134 3976 1284 4030 possumus
1298 3963 1340 4020 Cn,

260 4033 325 4095 conf.
341 4031 371 4082 0¹
386 4045 448 4096 999
461 4032 512 4085 278
529 4030 541 4096 11
560 4034 590 4080 47
611 4033 711 4095 poteris
726 4031 864 4095 Goosclren,
878 4033 978 4098 poterit
993 4031 1013 4083 C
1029 4033 1039 4096 ΙΙ
1058 4037 1088 4082 ts
1101 4035 1263 4099 procurator
1278 4033 1342 4084 Goe-

259 4102 344 4163 sehon,
364 4101 536 4166 procuretior
552 4099 586 4152 ΟΠ
603 4099 615 4164 ΙΙ
634 4101 691 4149 22'
685 4097 908 4164 rureQuiritlum]
929 4101 996 4165 conf.
1013 4100 1122 4182 C⁸pe9
1131 4103 1183 4156 275
1200 4100 1211 4164 ΙΙ
1231 4105 1262 4151 25
1282 4113 1342 4152 narn

263 4169 638 4232 Goescnen,nou01²‚oonf‚
660 4168 870 4234 090928011
894 4174 925 4219 29
945 4172 1091 4236 usucapias'
1112 4170 1257 4234 Goeochen,
1278 4184 1344 4221 usu·

260 4238 337 4301 capia
360 4237 379 4289 Ο
395 4237 407 4302 ΙΙ
426 4241 457 4287 32
475 4234 503 4305 <l
520 4239 618 4289 eddidit
636 4238 794 4288 Lachmann.
