2908 4764
471 421 557 431 -.
600 388 641 449 27
684 421 771 432 -..
956 385 1163 452 mitt-me

80 578 270 658 cipataeqne
292 585 325 638 et
346 576 558 637 manumissae
580 577 731 653 luissent;
763 577 820 638 sed
841 578 922 639 hanc
942 579 1165 638 necessitatem

81 663 288 743 coemptionis
309 661 473 723 faciendae
495 681 535 722 ex
557 664 744 724 auctoritate
767 663 837 725 diui
852 659 1012 747 HaJdriani
1035 671 1165 725 senatus

14 743 70 808 llil
81 751 214 811 remisit.
238 747 785 830 ——————-J
801 748 919 811 femina

14 911 15 920 ,
718 832 863 918 fiJduciae
886 856 981 898 causa
1003 855 1076 897 cum
1097 838 1165 897 uiro

14 973 15 976 ,
83 941 133 982 suo
159 921 275 1002 fecerit
303 924 541 1002 coemptionem,
573 921 672 982 nihilo
699 921 806 984 minus
835 923 918 984 filiae
951 923 1019 983 loco
1053 923 1198 1003 incipito

14 981 19 1112 J
83 1027 169 1086 csse;
195 1027 270 1070 nam
293 1010 320 1069 si
342 1009 468 1069 omnino
491 1007 635 1088 qualibet
657 1027 698 1068 ex
720 1027 816 1071 causa
838 1010 972 1070 uxorin
987 1028 1085 1070 manu
1100 1007 1165 1069 uiri

14 1121 16 1176 ξ
84 1093 133 1172 sit,
156 1095 280 1174 placuit
300 1114 369 1155 eam
392 1095 475 1155 filiae
498 1095 569 1154 iura
590 1095 743 1155 nancisci.

14 1261 67 1320 ipss
166 1267 323 1345 Superest
344 1275 381 1326 ut
402 1284 616 1345 exponemuS,
649 1285 732 1346 quae
760 1285 915 1347 personae
943 1267 977 1327 in
1006 1266 1164 1346 mancipio

14 1347 68 1416 {ill
87 1351 156 1412 sint.
186 1351 304 1413 Omnes
320 1353 418 1432 igitur
433 1351 608 1413 liberorum
623 1371 789 1432 personae,
816 1353 886 1414 siue
909 1352 1079 1414 masculini
1094 1353 1165 1413 siue

14 1443 15 1510 ξ
87 1435 226 1498 feminini
242 1457 347 1512 sexus,
373 1457 456 1518 quae
480 1437 513 1498 in
535 1446 691 1518 potestate
713 1438 856 1518 parentis
878 1448 965 1517 sunt,
991 1437 1166 1520 mancipari
1186 1455 1216 1500 to

14 1515 16 1608 J
87 1523 122 1584 ab
143 1523 198 1584 433
213 1524 314 1584 eodem
336 1524 427 1585 modo
445 1534 589 1603 possunt,
609 1545 673 1605 quo
689 1524 785 1586 etiam
800 1526 887 1586 serui
902 1525 1076 1606 mancipari
1092 1544 1167 1605 pos-

14 1607 70 1692 4444
89 1619 168 1671 sunt.
194 1609 281 1671 ldem
296 1611 377 1672 iuris
392 1611 489 1672 estin
506 1630 615 1672 earum
630 1612 778 1691 personis
794 1630 877 1692 quae
893 1612 926 1671 in
941 1631 1039 1672 manu
1055 1607 1163 1689 sunt31

14 1693 16 1752 4
344 1696 668 1776 coemptionatoribus
691 1696 802 1758 eodem
818 1695 909 1758 modo
927 1707 1063 1776 possunt
1082 1695 1086 1780 Ι
1105 1733 1167 1740 -

508 1783 594 1863 apud
609 1784 907 1863 coemptionatorem
928 1782 1020 1865 filliae
1035 1783 1103 1844 loco
1125 1783 1167 1843 sit
1185 1796 1216 1842 44

87 1903 200 1911 -——
216 1875 317 1947 nupta
340 1870 391 1946 sit,
406 1869 610 1930 —nihilo
633 1870 740 1931 minus
762 1871 855 1930 ctiam
870 1866 883 1951 44
905 1888 988 1950 quae
1011 1869 1041 1930 ei
1063 1877 1164 1949 nupta
1173 1884 1263 1945 peges

88 1972 144 2014 non
166 1955 208 2015 sit
230 1972 290 2014 nec
312 1954 353 2015 ob
376 1954 409 2015 id
431 1954 516 2015 filiae
538 1955 605 2016 loco
629 1956 683 2033 sit,
718 1955 759 2016 ab
789 1975 826 2016 eo
854 1956 1029 2036 mancipari
1051 1956 1164 2036 possit.

25 2033 78 2094 tlt·
90 2040 274 2120 Plerumque
291 2034 381 2123 (uero
396 2037 476 2126 tum)
492 2040 594 2102 solum
617 2051 649 2102 et
671 2061 689 2102 a
710 2040 899 2122 parentibus
915 2051 946 2103 et
961 2061 979 2103 a
995 2041 1167 2123 coemptio-

90 2126 249 2187 natoribus
270 2127 500 2206 mancipantur,
528 2147 600 2188 cum
623 2129 727 2189 uelint
747 2137 896 2208 parentes
919 2127 1167 2209 coemptionato-

92 2229 198 2292 resque
222 2206 300 2298 (eac)
323 2231 380 2274 suo
403 2214 473 2274 iure
496 2231 550 2274 eas
571 2232 724 2293 personas
739 2214 908 2293 dimittere,
932 2214 1015 2276 sicut
1029 2214 1166 2275 inferius

30 2291 74 2353 444
94 2296 266 2360 euidentius
281 2299 459 2379 apparebit.
494 2300 550 2360 Est
572 2309 678 2361 autem
693 2300 893 2381 mancipatio,
919 2309 956 2362 ut
971 2319 1070 2381 supra
1085 2319 1166 2380 quo-
1184 2314 1215 2358 so

96 2401 149 2462 quc
171 2384 321 2464 diximus,
348 2386 533 2466 imaginaria
550 2385 707 2466 quaedam
721 2384 884 2464 uenditi03
910 2386 995 2467 quod
1013 2396 1044 2448 et
1059 2385 1165 2465 ipsum

94 2469 136 2530 ius
155 2471 321 2551 proprium
337 2472 458 2532 ciuium
471 2472 682 2534 Romanorum
698 2481 763 2550 est;
791 2491 893 2552 eaque
908 2491 960 2533 res
975 2473 1019 2534 ita
1039 2472 1161 2550 agitur:

95 2553 233 2618 adhibitis
256 2575 318 2618 non
341 2557 448 2618 minus
471 2576 568 2638 quom
590 2559 735 2639 quinque
755 2557 893 2620 testibus
909 2557 1037 2618 ciuibus
1052 2557 1166 2617 Roma-

96 2639 137 2702 nis
163 2643 343 2722 puberibus
371 2653 403 2704 et
431 2652 597 2724 praeterea
626 2644 687 2705 alio
709 2643 854 2706 eiusdem
877 2641 1080 2720 condicionis
1108 2642 1165 2723 qui

96 2724 196 2789 libram
223 2748 356 2790 aeneam
386 2738 507 2808 teneat,
542 2731 598 2810 qui
627 2731 809 2810 appellatur
837 2729 1010 2810 libripenS,
1049 2729 1077 2790 is
1107 2729 1215 2808 quiet

152 2925 238 2992 44484
255 2927 374 2992 inierim]
394 2927 465 2980 coni.
483 2925 510 2992 44
526 2931 584 2987 433,
600 2929 658 2990 434,
675 2931 722 2976 437
742 2929 753 2992 44
771 2928 784 2993 4
799 2932 846 2978 443
860 2948 892 2971 =
905 2928 996 2978 Boeth.
1017 2929 1046 2977 in
1058 2928 1123 2992 Top.
1138 2930 1163 2989 4,

97 2995 122 3042 34
141 2996 187 3056 (cd.
206 2997 297 3047 Baiter
313 3011 371 3062 pag.
386 2997 462 3059 3334;
483 2997 547 3047 inde
566 2996 600 3046 ab
620 2999 651 3045 34
670 3000 714 3059 qui
732 2999 825 3048 librom
841 3010 928 3060 usque
946 2997 981 3047 ad
994 3000 1025 3047 34
1045 2998 1166 3060 libripens

97 3082 122 3103 =
138 3064 263 3116 Priscian.
276 3067 312 3115 Vl
325 3070 357 3114 96
379 3067 399 3129 (Ι
417 3079 476 3129 pag.
492 3069 541 3116 383
561 3066 605 3116 cd.
625 3067 714 3127 Hertz)
735 3067 746 3131 44
764 3066 853 3129 supro]
874 3065 959 3130 4443.

654 3175 688 3191 ΝΛ.
999 3175 1113 3190 mxlv&
1118 3177 1165 3189 ΛΝ-

154 3250 166 3294 4
182 3251 240 3308 post
252 3247 358 3296 remisit
374 3245 455 3296 Gaios
473 3248 538 3296 4333
555 3247 732 3308 succidetur
749 3248 860 3296 dimisse:
879 3259 937 3294 eom
948 3245 1081 3307 seminum,
1100 3258 1166 3306 quoe

95 3312 191 3373 4433433
209 3329 291 3365 causo
309 3328 368 3364 caim
385 3320 510 3365 ectroaeo
529 3318 711 3377 coemptionem
727 3315 831 3378 feccrit,
854 3315 925 3378 444433
949 3315 1003 3363 4333
1020 3315 1091 3375 opud
1108 3327 1166 3363 com

97 3393 139 3430 coo
152 3385 224 3447 fleri,·
243 3386 289 3434 sed
305 3397 371 3445 quoe
388 3382 520 3434 fiduciae
533 3397 628 3434 causa
646 3388 697 3434 oio.
718 3384 729 3446 44
748 3389 762 3432 4
780 3383 884 3447 placuit
901 3383 1026 3442 Niebuhr,
1046 3383 1166 3446 placutii

99 3447 115 3498 C
128 3449 138 3511 44
154 3453 210 3502 iura
222 3467 257 3502 cac
271 3456 345 3503 iurae
359 3457 503 3502 correctum
518 3451 538 3502 C
554 3453 566 3516 44
586 3457 616 3501 44
630 3452 723 3503 lamini
739 3453 759 3503 G
776 3452 787 3515 44
806 3456 833 3501 44
850 3451 902 3502 hoc
914 3451 1009 3501 eodem
1026 3451 1163 3510 Goeschm,

97 3519 179 3569 codem
192 3522 245 3572 hoc
261 3521 281 3571 G
299 3521 310 3584 44
328 3525 426 3570 43-45
442 3523 551 3572 morenae
562 3523 669 3572 3334433
681 3536 716 3571 ecc
724 3526 801 3583 porte
812 3523 919 3572 incertis
930 3521 1023 3570 codicis
1038 3519 1057 3570 C
1068 3521 1167 3570 umbris

97 3599 147 3636 mm
162 3589 327 3640 lochmonoo
350 3591 458 3652 aliisque
480 3593 518 3640 ito
542 3604 564 3640 e.
584 3605 610 3654 9.
637 3593 737 3653 expleri
756 3595 882 3653 possum:
906 3601 968 3638 nem
997 3590 1047 3652 (oct
1070 3589 1161 3652 quare)

97 3651 199 3709 feminae
223 3673 239 3709 a
258 3659 581 3720 coemptionatoribus
599 3660 708 3711 eodem
725 3660 819 3710 modo
840 3660 974 3720 possunt
995 3653 1164 3724 (mancipari,

96 3735 140 3785 quo
157 3725 233 3778 liberi
251 3741 266 3776 a
284 3730 396 3792 parante
408 3725 612 3792 mancipantur;
633 3725 710 3794 adeo)
728 3726 860 3788 quidem,
878 3727 1048 3789 utquomuis
1060 3727 1166 3777 eenole

97 3797 165 3853 apud
181 3797 481 3856 coemptionatorem
498 3797 582 3848 filiae
595 3798 664 3849 loco
682 3797 734 3856 sit,
751 3810 817 3859 quoe
834 3800 858 3846 ei
874 3799 975 3858 nupta
992 3797 1050 3855 sit,
1074 3800 1166 3846 comm

96 3861 184 3916 nihilo
201 3866 308 3916 minus
325 3869 379 3916 etc.
403 3861 413 3932 44
437 3870 467 3915 46
487 3879 541 3916 uon
560 3869 594 3918 sit
612 3868 775 3926 Lachmann,
802 3879 856 3916 non
880 3870 921 3916 est
941 3865 961 3916 C
984 3865 995 3929 44
1019 3879 1071 3915 nec
1088 3878 1122 3914 ecc
1140 3866 1166 3914 et

97 3934 262 3985 correctumC
280 3935 291 3997 44
310 3938 340 3983 tr
359 3931 387 4000 44
404 3936 502 3986 addidit
523 3936 652 3986 Goescbec
669 3935 680 3999 44
700 3939 731 3984 49
750 3949 783 3986 ex
801 3937 916 3985 additum
934 3936 997 3985 doce
1018 3934 1141 3985 Grcmcro
1156 3928 1166 3996 44

96 4000 122 4045 44
134 4003 287 4066 appearebit
303 4003 344 4065 044
357 4007 384 4053 34
402 4003 521 4054 diximus
537 4005 564 4062 G,
580 4005 761 4056 iudicauimus
774 4004 860 4054 Boeth.
876 4004 886 4066 44
899 4003 972 4068 quod
985 4005 1012 4053 et
1026 4001 1163 4058 Gocsclieo,

96 4069 150 4129 quia
166 4074 192 4121 ot
212 4072 247 4122 0¹1
265 4072 344 4134 (coos.
363 4071 395 4122 0⁸
409 4085 470 4135 poa.
483 4078 534 4127 333
546 4073 617 4136 ini),
637 4073 710 4138 quod
728 4075 815 4124 Boeth.
835 4073 846 4134 44
865 4076 896 4121 33
916 4073 1018 4122 ciuium
1037 4081 1166 4118 romano-

96 4147 147 4186 rum
165 4144 204 4191 est
224 4141 269 4201 0¹³,
295 4154 471 4191 romanorum
496 4144 538 4192 est
563 4143 665 4193 ciuium
685 4143 773 4193 Boeth.
792 4141 852 4204 4433
872 4155 953 4204 quam
972 4138 1071 4198 Boeth.,
1091 4136 1165 4200 quod

98 4202 122 4264 C,
139 4210 200 4271 conf.
224 4209 257 4262 G·
272 4221 334 4273 pop.
346 4215 405 4264 334.
