2908 4764
482 379 566 390 ..-
611 346 651 406 77
695 379 781 392 .-.
965 344 1170 411 littera-tuo

82 529 420 616 -—-llperueniat
442 532 618 609 hereditas,
651 543 682 595 et
706 534 763 596 hoc
786 533 828 595 ita
851 533 1004 614 rescripto
1031 533 1272 614 impera-pegae

82 618 163 682 toris
186 617 339 680 Antonini
362 617 568 700 significatur.

6 773 59 848 152
172 772 316 836 Heredes
338 781 445 834 autem
466 783 521 836 aut
542 773 713 836 necessarii
736 773 887 836 dicuntur
909 783 963 837 aut
986 773 1036 836 sui
1060 784 1090 836 et
1113 794 1172 838 ne-

6 859 58 930 153
85 859 218 922 cessarii
244 868 299 922 aut
321 859 475 921 extranei.
522 859 728 923 Necessarius
756 861 848 922 heres
878 869 927 922 est
957 879 1070 923 seruus
1099 880 1172 922 cum

86 945 234 1008 libertate
257 944 349 1007 heres
372 944 554 1025 Institutus‚
588 945 659 1008 ideo
690 945 736 1007 sic
765 946 962 1027 appellatus,
996 945 1072 1026 quia
1102 945 1205 1008 siuet

87 1031 169 1094 uelit
192 1029 262 1093 siue
284 1031 372 1110 nolit,
398 1031 482 1094 omni
505 1030 596 1094 modo
618 1041 690 1112 post
704 1041 837 1094 mortem
851 1032 1011 1094 testatoris
1027 1031 1172 1112 protinus

6 1117 58 1178 iot
86 1117 172 1180 liber
186 1127 218 1178 et
232 1117 325 1180 heres
342 1127 401 1179 est.
437 1117 526 1180 Vnde
542 1117 597 1198 qui
614 1118 780 1180 facultates
795 1137 868 1179 suas
883 1127 1047 1198 suspectas
1063 1118 1169 1196 habet,

86 1205 169 1266 solet
190 1222 320 1266 seruum
342 1223 435 1265 suum
458 1203 561 1284 primo
584 1213 639 1266 aut
660 1203 799 1266 secundo
822 1205 874 1266 uel
904 1204 999 1266 etiam
1021 1203 1172 1266 ulteriore

87 1289 190 1371 gradu
215 1289 353 1351 liberum
383 1299 415 1350 et
443 1289 594 1352 heredem
624 1288 809 1368 instituere,
843 1298 879 1352 ut
908 1289 935 1350 si
963 1289 1172 1368 creditoribus

87 1375 166 1440 satis
188 1395 251 1436 non
274 1375 357 1452 fiat„
376 1374 483 1454 potius
505 1375 602 1437 huius
624 1375 749 1438 heredis
772 1394 867 1456 quam
889 1375 991 1456 ipsius
1013 1375 1173 1438 testatoris
1193 1387 1223 1432 to

87 1462 173 1524 bona
195 1469 350 1540 ueneant,
374 1460 409 1522 id
432 1471 537 1526 estut
559 1461 733 1540 ignominia
755 1480 835 1542 quae
859 1460 973 1524 accidit
996 1481 1037 1523 ex
1058 1461 1174 1524 uendi-

86 1548 174 1610 tione
196 1547 368 1626 bonorum,
403 1547 488 1609 hunc
515 1545 622 1628 potius
652 1546 803 1610 heredem
831 1567 927 1628 quam
949 1547 1055 1629 ipsum
1076 1557 1175 1610 testa·

6 1703 7 1716 ἶ
86 1645 190 1696 torem
213 1633 390 1714 contingat3
416 1652 610 1713 quamquam
632 1634 717 1735 apud
739 1633 895 1696 Fufidium
911 1633 1028 1696 Sabino
1051 1635 1174 1734 placeat

87 1719 295 1782 eximendum
318 1739 391 1780 eum
414 1738 483 1782 esse
506 1718 696 1800 ignominia,
730 1719 806 1800 quia
835 1725 897 1782 non
926 1739 982 1782 suo
1012 1719 1090 1782 uitio
1118 1719 1174 1782 sed

86 1805 277 1869 necessitate
300 1803 380 1866 iuris
401 1805 558 1868 bonarum
580 1805 797 1868 uenditionem
818 1814 1000 1886 pateretur,
1032 1805 1091 1868 sed
1112 1806 1173 1868 alio
1193 1817 1225 1863 ⁴5

6 1875 59 1958 liat
88 1897 161 1956 iure
182 1891 314 1954 utimur.
361 1893 419 1952 Pro
441 1892 500 1954 hoc
522 1901 628 1954 tamen
653 1891 848 1954 incommodo
871 1891 949 1954 illud
979 1893 1008 1953 ei
1038 1911 1175 1953 commo-

6 1955 8 2052 1
87 1978 167 2041 dum
189 1986 378 2058 praestatur,
405 1987 441 2038 nt
463 1997 501 2040 ea
523 1997 605 2058 quae
628 1987 699 2058 post
722 1987 855 2040 mortem
882 1976 1007 2058 patroni
1031 1977 1094 2040 sibi
1117 1977 1175 2040 ad·

6 2053 8 2130 1
87 2063 248 2145 quisierit,
273 2062 342 2124 siue
365 2073 438 2125 ante
461 2062 615 2147 bonorum
637 2062 905 2126 uenditionem
878 2083 948 2126 srue
964 2073 1085 2144 postea,
1111 2063 1174 2145 ipsi

86 2159 311 2226 reseruentur;
332 2159 363 2210 et
379 2149 526 2228 quamuis
541 2170 598 2230 pro
614 2149 758 2230 portione
774 2150 857 2212 bona
872 2149 1044 2229 uenierint,
1060 2149 1175 2212 iterum

85 2257 129 2300 ex
153 2235 345 2298 hereditaria
368 2255 462 2298 causa
483 2235 566 2298 bona
589 2235 658 2298 eius
679 2255 742 2297 non
764 2235 912 2315 uenient,
947 2238 1010 2299 nisi
1040 2235 1068 2297 si
1098 2235 1176 2316 quid
1193 2247 1225 2293 ao

87 2325 119 2385 ei
146 2342 186 2383 ex
207 2321 397 2384 hereditaria
421 2341 515 2384 causa
537 2321 634 2384 fuerit
657 2321 860 2402 adquisitum,
880 2319 893 2405 11
908 2324 997 2384 uelut
1012 2321 1039 2384 si
1054 2325 1075 2400 1
1091 2321 1276 2393 Lati-pagos

87 2428 154 2471 nus
176 2407 374 2488 adquisierit,
400 2407 590 2490 locupletior
611 2408 713 2470 lactus
736 2407 793 2486 sit,
827 2428 899 2470 cum
921 2416 1097 2469 ceterorum
1119 2407 1176 2467 ho-

88 2495 225 2574 minum,
252 2513 387 2574 quorum
408 2493 492 2556 bona
514 2493 675 2556 uenierint
697 2514 754 2574 pro
769 2494 923 2574 portione,
950 2495 977 2555 si
992 2492 1071 2573 quid
1086 2501 1175 2572 post-

17 2579 66 2640 456
89 2601 127 2643 ea
153 2579 334 2660 adquirant,
361 2579 456 2642 etiam
479 2579 607 2660 saepius
627 2599 736 2642 eorum
751 2581 833 2642 bona
850 2581 957 2642 uenire
973 2581 1084 2641 solent.
1117 2577 1175 2640 Sui

89 2677 199 2730 autem
221 2675 251 2728 ct
272 2665 444 2733 necessarii
467 2665 601 2728 heredes
624 2675 698 2728 sunt
720 2667 809 2728 uelut
831 2665 916 2727 filius
932 2664 1049 2741 filiaue,
1076 2683 1176 2744 nepos
1195 2674 1227 2721 aa

8 2785 9 2842 3
89 2752 242 2834 neptisue
266 2771 308 2814 ex
331 2751 404 2831 filio,
432 2749 489 2835 (et)
506 2752 658 2833 deinceps
680 2754 773 2815 ceteri
797 2754 852 2832 qui
868 2751 1006 2814 modain
1021 2759 1177 2831 potestate

8 2855 10 2882 >
91 2840 260 2900 morientis
281 2838 423 2900 fuerunt.
465 2838 522 2901 sed
544 2840 591 2900 nti
614 2857 714 2918 nepos
736 2837 884 2918 neptisue
906 2856 983 2899 suus
1005 2837 1099 2898 heres
1122 2838 1174 2913 sit,

162 2993 237 3056 1454
257 3013 289 3036 --
308 2993 373 3042 inst.
387 2996 411 3054 2,
428 2996 512 3057 ttpr.
536 2992 548 3055 11
568 2992 642 3058 §tta
662 2990 718 3042 iere
736 3011 768 3034 =
788 2993 853 3042 lnst.
869 2995 893 3051 2,
909 2995 976 3054 49,4
1002 2990 1014 3054 11
1035 2989 1110 3055 §tei
1129 3004 1178 3040 us-

93 3076 146 3126 qne
165 3062 200 3112 ad
220 3065 248 3110 44
271 3063 338 3111 boaa
355 3060 411 3110 iere
430 3080 462 3103 =
482 3063 545 3111 inst.
558 3064 667 3122 aaut
696 3061 707 3123 11
731 3060 804 3126 1455
829 3073 917 3124 usque
941 3061 974 3111 ad
1001 3064 1032 3110 49
1058 3062 1178 3122 quemme

92 3128 803 3193 πονεῖ-1451441411456544314414.

164 3271 173 3314 t
203 3267 335 3330 rescripto
362 3267 505 3328 Gocschca,
532 3267 633 3331 scripto
660 3266 694 3328 0,
719 3266 785 3329 caat.
813 3267 845 3317 0ι
866 3279 928 3330 pap.
946 3269 996 3317 298
1019 3279 1090 3315 cara.
1111 3270 1143 3315 tt
1167 3261 1175 3331 11

96 3339 109 3384 t
135 3348 233 3385 seruus
252 3336 326 3396 last,
353 3335 463 3386 serbum
485 3334 529 3396 ΟΠ,
555 3335 622 3398 eoas.
645 3334 677 3385 Cu
691 3348 754 3398 paq.
769 3339 822 3386 505
842 3334 853 3397 11
872 3339 886 3384 5
905 3334 1054 3399 appellatus
1076 3334 1175 3385 Clast.

9 3409 10 3434 ³
98 3405 165 3466 (litat
182 3405 342 3466 deteriores),
365 3403 516 3469 appellatur
529 3405 591 3454 last.
614 3405 684 3465 (libri
700 3405 827 3463 caltores)
847 3403 858 3466 11
878 3408 891 3452 7
911 3403 990 3454 heres
1008 3402 1106 3464 eston,
1128 3417 1176 3453 ne·

10 3489 11 3492 ¹
96 3473 231 3523 cassarius
248 3472 328 3524 heres
346 3473 376 3522 iit
394 3474 455 3522 loct.
479 3473 490 3536 11
514 3476 580 3520 7—-8
600 3471 682 3522 habet
705 3473 775 3523 solet
795 3473 827 3532 G,
853 3471 955 3522 habent
978 3472 1067 3522 solent
1085 3473 1148 3524 last.
1168 3469 1177 3538 11

99 3544 130 3589 to
149 3541 228 3592 huius
248 3541 276 3602 0,
297 3543 356 3592 eius
375 3543 437 3593 lact.
457 3542 469 3604 11
487 3555 569 3606 quum
587 3542 674 3606 ipsius
691 3543 830 3592 testatoris
847 3541 920 3591 hona
940 3539 985 3602 0¹1,
1004 3539 1075 3590 bona
1093 3555 1176 3604 quam

98 3611 182 3674 ipsius
199 3612 336 3662 testatoris
355 3611 418 3660 last.
439 3610 495 3675 1144
518 3614 637 3660 ueneant
657 3611 799 3673 Gocsctca,
819 3611 973 3660 ueneantnr
994 3609 1037 3673 Cn,
1057 3610 1124 3672 coos.
1147 3610 1177 3661 0·

96 3679 244 3742 1444154611
257 3680 356 3730 accidit
367 3681 526 3742 Lachmann,
542 3679 648 3730 accedit
660 3679 679 3730 G
690 3679 701 3742 11
715 3684 745 3728 ti
759 3679 865 3743 patroni
880 3677 908 3738 0,
922 3679 1029 3742 patroni
1042 3680 1085 3729 sui
1095 3679 1156 3730 last.
1174 3677 1179 3812 1

100 3749 133 3794 49
156 3761 203 3811 pro
226 3749 351 3813 portione
374 3749 465 3809 Haisa,
491 3749 786 3813 proptercontractione
813 3746 840 3808 0,
864 3747 932 3810 coaf.
960 3745 991 3797 0²
1011 3761 1074 3811 paq.
1095 3751 1145 3799 288

11 3811 13 3826 '
101 3818 199 3866 it—ti
221 3823 341 3880 capacior
362 3818 439 3868 uelut
466 3819 489 3868 si
513 3831 546 3867 ex
568 3817 648 3868 bonis
673 3817 758 3868 Latini
780 3815 901 3868 defuncti
926 3816 1087 3881 locupletior
1109 3820 1174 3874 etc.;

102 3884 214 3948 Saoioay
231 3890 339 3937 coniecit
355 3887 432 3936 uelut
451 3888 473 3938 si
496 3883 541 3952 <ex
564 3900 596 3935 eo
618 3883 701 3952 quod)
725 3887 835 3936 Latinus
859 3885 1033 3949 adquisierit,
1059 3886 1179 3949 locupie-

102 3955 155 4002 tior
171 3957 219 4007 etc.
244 3955 255 4017 11
279 3957 311 4003 et
331 3969 426 4005 corum
445 3956 560 4005 abcedat
579 3955 693 4017 (soleant
714 3955 851 4016 Goescltaa)
872 3954 884 4018 11
901 3955 1006 4005 uenieri
1027 3953 1047 4004 G
1068 3953 1079 4016 11
1101 3957 1132 4001 25
1152 3955 1179 4001 ct

103 4023 172 4080 last,
190 4028 219 4073 ut
239 4023 259 4074 G
275 4023 287 4087 11
304 4023 380 4074 uelut
401 4023 443 4085 ΟΠ,
468 4024 556 4074 ueluti
575 4025 638 4074 last.
656 4024 667 4087 11
686 4023 777 4074 iiliaue
792 4023 819 4084 C,
840 4023 895 4074 filia
913 4025 975 4074 last.
995 4023 1007 4085 1
1025 4025 1057 4070 26
1075 4021 1179 4084 neptis-

105 4103 140 4139 ue
159 4090 183 4150 C,
202 4095 344 4157 neptisque
364 4093 424 4142 lost.
443 4093 454 4156 11
473 4096 499 4143 et
518 4094 589 4156 lost„
616 4106 664 4143 om.
686 4093 705 4144 G
722 4093 733 4156 11
757 4094 812 4143 ceri
834 4092 862 4153 G,
889 4093 973 4142 ceteri
991 4089 1069 4140 liberi
1088 4090 1150 4139 last.
1169 4087 1180 4156 11

104 4162 137 4206 27
156 4158 260 4210 luerunt
280 4160 309 4220 C,
334 4160 433 4212 inerint
451 4162 512 4211 last.
531 4161 543 4224 11
560 4164 599 4212 uti
621 4162 649 4221 0,
675 4164 705 4210 ut
724 4163 786 4211 last.
805 4161 816 4223 11
835 4173 900 4210 suos
919 4161 996 4210 heres
1014 4159 1047 4208 sit
1068 4157 1111 4220 0¹¹,
1137 4160 1179 4209 sui

103 4228 213 4280 heredes
230 4231 285 4280 sint
303 4230 365 4279 lost.
