2908 4764
483 425 569 436 ....
614 391 655 453 49
699 425 784 436 ....
1007 393 1030 440 u
1049 391 1176 456 pes-as

48 581 77 639 48
177 581 289 660 Magna
312 587 418 641 autem
441 577 622 642 differentia
645 587 694 641 est
716 581 799 640 inter
820 580 972 660 mancipii
996 599 1047 642 res
1069 589 1101 643 et
1123 600 1200 652 nee¹

48 667 77 725 49
95 666 254 746 mancipii.
291 667 369 726 Nam
384 683 436 726 res
458 683 517 727 nee
540 667 689 746 mancipii
708 665 778 746 ipsa
800 664 971 728 traditione
994 667 1089 746 pleno
1112 668 1181 729 iure
1209 686 1212 692 ’

96 753 227 813 alterius
250 751 348 824 fiunt,
384 751 410 812 si
433 749 525 812 modo
548 751 727 832 eorporaies
749 761 826 813 sunt
848 762 881 813 et
902 752 943 813 ob
965 752 999 814 id
1021 753 1183 833 recipiunt

50 838 79 897 tt
98 837 310 900 traditionem.
363 839 472 916 itaque
496 837 523 898 si
545 837 606 899 tibi
628 846 752 899 uestem
776 839 831 900 uel
854 857 966 900 aurum
990 839 1043 900 uel
1066 858 1182 920 argen-

96 934 160 985 tum
182 922 346 986 tradidero
368 923 438 984 siue
462 942 502 984 ex
525 922 721 984 uenditionis
743 943 838 986 eausa
859 925 929 985 siue
945 943 986 986 ex
1001 923 1182 986 donationis
1200 936 1215 983 4

97 1011 162 1072 siue
186 1010 305 1089 quauis
327 1010 388 1070 alia
412 1028 581 1084 excausa,
608 1010 715 1072 statim
737 1019 793 1072 tua
816 1010 852 1071 fit
874 1029 909 1071 ea
933 1029 995 1088 res,
1029 1011 1055 1071 si
1089 1011 1181 1073 modo

49 1096 74 1154 44
97 1116 149 1177 ego
172 1096 244 1158 eius
267 1094 415 1157 dominus
439 1095 510 1156 sim.
557 1097 595 1157 In
624 1095 735 1158 eadem
751 1094 764 1178 ΙΙ
780 1115 876 1158 eausa
899 1105 975 1158 sunt
996 1098 1284 1176 prouincia-papae

96 1183 136 1243 lie
156 1180 301 1263 praedia,
331 1200 467 1261 quorum
490 1181 552 1243 alia
575 1181 785 1262 stipendiaria
807 1182 870 1244 alia
891 1181 1062 1244 tributaria
1084 1202 1181 1245 uoea-

96 1287 173 1330 mus.
207 1266 417 1348 stipendiaria
437 1275 513 1328 sunt
534 1287 572 1330 ea
587 1287 671 1348 quae
686 1269 720 1329 in
735 1267 786 1330 his
801 1269 977 1348 prouinciis
993 1277 1078 1347 sunt,
1098 1287 1180 1348 quae

96 1355 238 1435 propriae
262 1353 372 1434 populi
394 1353 527 1415 Romani
548 1373 617 1416 esse
639 1353 889 1434 intelleguntur3
916 1353 1086 1417 tributaria
1106 1364 1181 1416 sunt
1201 1366 1231 1411 44

97 1459 129 1502 ea
150 1459 234 1520 quae
257 1440 290 1500 in
313 1439 362 1500 his
385 1439 562 1520 prouinciis
578 1448 663 1522 sunt,
684 1459 766 1519 quae
782 1441 931 1521 propriae
949 1441 1092 1503 Caesaris
1109 1459 1180 1502 esse

15 1557 17 1590 4
98 1525 281 1589 ereduntur.

49 1611 78 1672 ts
176 1611 325 1692 Maneipe'i
348 1629 424 1672 uero
454 1630 507 1674 res
537 1621 613 1673 sunt
642 1631 724 1692 quae
752 1631 811 1692 per
841 1613 1107 1692 mancipationem
1140 1610 1180 1674 ad

97 1697 190 1781 alium
213 1697 467 1774 transferuntur3
493 1696 581 1759 unde
604 1697 699 1759 etiam
722 1697 873 1778 maneipe'i
896 1717 948 1759 res
971 1707 1047 1760 sunt
1062 1697 1175 1760 diotae.

98 1785 177 1865 'quod
200 1793 308 1847 autem
330 1785 418 1846 ualet
441 1777 652 1868 (mancipatio,
678 1783 759 1851 idem
777 1785 864 1846 uolet
884 1791 913 1846 et
934 1786 967 1845 io
989 1786 1057 1845 iure
1072 1785 1177 1846 cessio.
1200 1795 1232 1842 45

50 1869 78 1930 43
97 1867 145 1958 rt)
159 1869 352 1950 manoipatio
375 1869 507 1949 quidem
530 1869 798 1949 quemadmodum
821 1871 885 1949 fiat,
912 1871 1077 1950 superiore
1095 1889 1181 1931 eom-

50 1955 78 2014 st
97 1957 246 2020 mentario
268 1954 472 2018 tradidimus.
518 1956 553 2016 ln
583 1957 654 2017 iure
677 1957 776 2017 oessio
799 1967 907 2019 autem
929 1957 988 2018 heo
1009 1955 1101 2018 modo
1124 1956 1178 2018 fit:

98 2044 176 2124 apud
198 2042 418 2122 magistratum
441 2042 551 2122 populi
573 2041 715 2116 Romani,
740 2043 843 2104 ueluti
862 2051 1052 2124 praetorem,
1078 2043 1106 2104 is
1128 2045 1179 2104 oui

98 2149 143 2191 res
165 2131 199 2191 in
221 2129 293 2190 iure
316 2125 451 2206 ceditur,
478 2147 546 2188 rem
568 2136 682 2189 tenens
705 2128 747 2189 ita
771 2128 948 2190 diciturne
972 2148 1029 2191 neo
1046 2147 1179 2191 4444444444

97 2233 129 2276 nx
155 2234 222 2276 44444
246 2232 398 2285 4444444444
420 2233 499 2275 4444444
521 2233 586 2274 esse
601 2233 667 2292 i10;
694 2213 812 2276 deinde
832 2223 1002 2296 postquam
1024 2215 1077 2276 hio
1104 2214 1180 2276 uin·
1199 2224 1230 2269 2⁰

98 2299 410 2387 dieaueritppraetor
432 2301 601 2380 interrogat
625 2319 699 2362 eum
721 2301 778 2380 qui
800 2300 897 2379 aedit,
923 2319 964 2362 an
980 2310 1088 2362 eontra
1104 2301 1180 2363 uin-

99 2386 196 2464 dieet;
233 2405 297 2466 quo
326 2393 461 2464 negante
491 2394 547 2448 aut
568 2394 692 2448 taeente
714 2395 792 2449 tuno
815 2387 846 2447 ei
869 2387 925 2467 qui
948 2387 1175 2463 uindicauerit,

100 2491 161 2535 eam
183 2492 250 2535 rem
273 2471 408 2549 addioit3
435 2471 533 2551 idque
556 2472 637 2552 legis
660 2472 740 2534 aetio
763 2481 907 2535 uoeatur.
947 2473 1006 2533 hoe
1027 2473 1096 2534 fieri
1120 2492 1179 2552 po-

52 2555 80 2615 ti
99 2568 155 2621 test
183 2560 279 2621 etiarn
310 2559 343 2617 in
372 2558 548 2637 prouinciis
571 2557 657 2638 apud
678 2557 843 2638 praesides
866 2577 986 2620 earum.
1034 2558 1178 2619 Plerum-

101 2662 156 2724 que
177 2656 284 2708 tamen
306 2653 338 2706 et
360 2643 427 2706 iere
450 2663 578 2724 semper
600 2644 887 2724 mancipationibus
916 2643 1049 2708 utimur.
1091 2644 1178 2724 qued
1196 2653 1228 2701 44

101 2733 177 2792 enim
199 2732 263 2812 ipsi
284 2748 345 2810 per
365 2748 421 2791 nos
435 2730 662 2810 praesentibus
677 2731 786 2792 amieis
809 2750 903 2812 agere
918 2747 1099 2810 possumus,
1118 2730 1178 2790 hoo

161 2924 216 2990 §2³
235 2929 371 2989 seponere
388 2925 582 2988 coementario]
603 2930 613 2972 4
637 2909 711 2991 §tte
735 2927 747 2990 44
771 2926 830 2992 §et
850 2940 937 2991 usque
961 2927 996 2977 ad
1016 2930 1179 2977 stupeatur

101 3016 129 3039 =
145 2997 237 3050 Boeth.
258 2998 286 3045 in
306 2996 371 3060 Top.
384 2999 410 3058 5,
427 2998 458 3044 28
481 2995 548 3060 (pag.
565 2996 635 3058 ³22).

101 3103 145 3120 tw*

72 3213 81 3230 .
163 3181 172 3226 4
195 3175 247 3239 res]
266 3189 329 3225 rexs
350 3173 370 3231 C
393 3175 511 3236 (seducta
535 3187 552 3223 x
577 3175 674 3236 littero)
699 3175 709 3238 ΙΙ
734 3178 748 3224 t
774 3189 872 3226 aurum
898 3175 1042 3234 ooesctee,
1069 3175 1178 3225 aurium

104 3242 121 3293 C
142 3245 152 3308 ΙΙ
173 3249 187 3295 5
206 3247 265 3295 siue
286 3244 425 3306 (4444444444,
445 3243 521 3292 tiue‘i
542 3241 562 3292 0
584 3239 594 3310 [Ι
621 3248 634 3291 4
655 3245 680 3293 in
703 3244 846 3304 deessem,
866 3245 944 3294 min?
964 3244 992 3304 0,
1016 3243 1084 3306 eoos.
1108 3242 1152 3294 0⁸³
1170 3240 1178 3311 44

101 3313 268 3376 prouincialia
288 3314 412 3376 Sootpnp,
433 3312 594 3376 prouinciali
616 3310 649 3362 0¹1
667 3313 678 3376 44
697 3316 728 3362 43
748 3315 813 3363 sunt
830 3325 902 3377 quae
917 3312 967 3374 0¹²;
985 3312 1097 3375 sortasse
1115 3313 1178 3363 toee

102 3384 218 3434 4444444444
235 3383 344 3433 delendo
362 3385 432 3440 suot,
451 3381 495 3430 uel
512 3383 706 3442 troospooeodo
724 3385 872 3446 quaesunt
889 3381 901 3444 14
920 3385 1022 3430 45-46
1040 3377 1179 3448 (4444444444

104 3449 222 3502 Goescteo
242 3453 297 3514 (qut
315 3450 363 3500 sed
382 3450 450 3507 dedit
464 3461 515 3512 pro
533 3451 574 3512 et,
599 3463 677 3511 quom
691 3451 852 3513 particulam
875 3451 1005 3512 suppleat
1023 3450 1151 3513 Sooipep)
1175 3447 1178 3518 Ι

103 3521 130 3568 44
148 3522 231 3572 cessio
250 3522 342 3570 autem
360 3519 413 3568 hoe
430 3517 513 3568 modo
532 3517 562 3566 flt
582 3517 610 3578 C,
630 3521 721 3569 autem
739 3521 827 3570 oessio
845 3518 875 3568 fit
892 3519 945 3568 hoe
962 3519 1044 3570 modo
1063 3519 1151 3569 Beeth.
1175 3519 1178 3586 4

102 3590 130 3636 48
146 3590 228 3640 ueluti
245 3586 444 3654 praetorem]i1
461 3585 540 3652 {fr-u
557 3600 573 3636 a
590 3588 635 3650 pi·
654 3588 808 3652 praesidem
826 3589 987 3652 prouinciae
1002 3587 1037 3638 ΟΠ
1050 3590 1096 3650 (ew
1107 3589 1177 3651 plos-

102 3660 212 3720 semote),
228 3657 273 3709 uel
298 3656 371 3722 apud
389 3659 545 3721 praetorem
569 3656 615 3706 uel
633 3657 706 3721 apud
723 3657 879 3723 praesidem
902 3658 1062 3722 prouinciae
1086 3657 1175 3710 noeto.

101 3727 137 3784 (to
152 3731 221 3778 444444
238 3727 324 3778 codice
339 3725 441 3776 Getone
457 3725 585 3788 glossema
602 3725 667 3775 illud
682 3729 737 3776 tem
748 3727 874 3788 estates).
910 3725 1009 3776 Codicis
1026 3727 1178 3778 Veronensis

101 3793 183 3846 44444444
196 3795 366 3859 probabiliter
384 3796 422 3844 ito
440 3794 554 3856 eapiteot
566 3794 717 3855 Monaesen,
736 3800 766 3846 444
783 3809 866 3857 supro
882 3795 934 3848 ιῑῐι
949 3796 993 3862 ᾖ·
1016 3798 1041 3856 (i.
1057 3810 1078 3846 e.
1090 3796 1177 3846 ueluti

101 3867 253 3928 praetorem)
281 3864 363 3914 uerte
388 3862 492 3913 Getone
515 3865 544 3913 444
568 3864 708 3926 eretetppo
731 3866 778 3915 4444
804 3865 933 3928 plosseme
958 3866 1074 3917 additum
1096 3865 1177 3926 feisse

102 3937 250 3995 suspicetur:
269 3931 343 4000 pisa
359 3931 515 3996 praesidem
532 3933 693 3996 prouinciae
715 3934 740 3998 (ι’.
756 3947 779 3984 e.
794 3937 949 3997 praetorem
963 3938 1011 3986 aut
1021 3933 1176 3998 praesidem

102 4004 267 4068 prouinciae),
287 4004 314 4054 id
331 4006 418 4054 44444444
434 4001 563 4064 plesseme
580 4000 626 4050 4444
642 4002 718 4052 mode
735 4005 763 4052 to
777 4003 941 4054 Gaianorum
957 4004 1096 4055 setonam
1114 4013 1176 4050 4444-

103 4073 193 4122 estem
208 4075 360 4135 irrepsisse:
378 4067 474 4134 stipi]
490 4069 557 4136 ιῖ[4]
572 4069 615 4138 pi·
632 4069 794 4135 [praesidem
812 4071 981 4136 prouinciae]
1002 4074 1025 4121 is
1043 4066 1176 4134 44444414

105 4141 130 4186 tt
148 4140 252 4202 dicito,
271 4141 395 4191 uindicat
407 4140 494 4192 Boett.
513 4140 525 4205 ΙΙ
543 4144 571 4191 st
588 4140 717 4202 suppleuit
731 4140 860 4192 Goeseteo
878 4142 1028 4192 eae'Beetts'o
1046 4139 1057 4202 41
1076 4141 1108 4186 tt
1126 4151 1176 4190 ne-

103 4211 288 4270 guntersen,
309 4211 434 4273 negantte
456 4209 483 4261 0.

150 4306 222 4351 (44444.
951 4315 964 4360 t
