2908 4764
13 365 15 478 ἶ

13 979 16 1108 Ι

13 1305 15 1386 Ι

13 1829 15 1860 Ι

13 1915 15 1946 Ι

141 1161 461 1244 PRAEFATIO
491 1159 773 1242 GVILELMI
795 1161 1152 1243 STVDEMVND.
1189 1097 1191 1101 Ι

567 1387 722 1394 Ἣ

44 1635 47 1642 ,
141 1524 252 1636 Crisis
281 1575 314 1634 in
337 1573 394 1636 Gai
423 1573 680 1636 institutionibus
711 1573 888 1636 exercenda
919 1574 1038 1654 pendet
1065 1577 1238 1657 praecipue

66 1668 91 1720 et
111 1680 126 1721 a
146 1661 251 1722 codice
274 1661 448 1723 Veronensi
478 1658 577 1737 (nobis
603 1658 634 1741 0)
661 1660 788 1723 saeculo
817 1680 849 1740 p.
877 1659 949 1722 Chr.
975 1681 1007 1722 n.
1042 1661 1154 1742 quinto
1184 1664 1238 1725 uel

66 1756 143 1808 sexto
164 1748 281 1828 scripto
305 1755 337 1808 et
358 1747 398 1808 ab
422 1747 594 1827 excerptis
621 1764 702 1826 quae
725 1747 758 1806 in
781 1746 947 1808 Iustiniani
970 1747 1108 1828 Digestis
1131 1758 1162 1809 et
1184 1749 1237 1810 Iu-

13 1875 14 1904 1
65 1833 269 1895 stitutionibus
291 1833 460 1912 leguntur3
486 1832 642 1894 accedunt
662 1834 783 1894 minora
799 1831 975 1914 fragmenta
989 1833 1107 1896 Gaiana
1121 1837 1238 1915 partim

65 1919 93 1978 in
113 1920 178 1981 aliis
206 1919 288 1980 iuris
318 1919 559 1981 collectionibus
587 1918 702 1998 partim
733 1918 818 1998 apud
849 1921 1067 1998 grammaticos
1097 1931 1234 2001 seruata,
1270 1973 1271 1980 ,

67 2022 135 2083 quae
163 2007 365 2067 enumerauit
386 2003 517 2066 Adollus
540 2003 720 2066 Fridericus
742 2003 877 2066 Rudorff
902 2005 935 2066 in
965 2008 1238 2068 commentationi-

65 2088 116 2238 ppp
137 2093 238 2172 regiae
262 2090 442 2154 academiae
473 2091 677 2154 scientiarum
700 2091 913 2154 Bcroiinensis
936 2111 965 2153 a.
983 2111 1138 2154 nneccnxv
1160 2113 1234 2175 pag.
1267 2165 1268 2170 .

132 2197 217 2258 seqq.

138 2279 259 2344 Codicis
281 2281 473 2342 Veronensis
495 2281 642 2361 rescripti
671 2279 713 2362 (in
743 2281 935 2342 bibliotheca
965 2277 1132 2361 capitulari
1149 2283 1237 2346 ¹olim

66 2383 180 2428 numero
201 2368 256 2428 XV
279 2386 365 2428 nunc
389 2367 426 2427 13
452 2365 577 2448 signati)
600 2366 768 2446 reliquias,
795 2375 950 2447 quotquot
971 2367 1078 2447 legere
1109 2369 1139 2428 ei
1162 2388 1238 2430 cou-

64 2452 139 2532 tigit,
170 2455 295 2534 primus
324 2451 493 2534 descripsit
515 2453 648 2514 Ioannes
671 2452 849 2514 Fridericus
872 2451 1053 2515 Ludouicus
1076 2452 1238 2514 Goeschen

66 2539 283 2617 opitulantibus
294 2539 486 2600 Immanuele
498 2539 621 2600 Bekker
637 2548 668 2600 et
678 2539 826 2600 Mauricio
837 2537 979 2618 Augusto
992 2537 1031 2600 de
1043 2540 1238 2600 Bethmann-

65 2622 201 2706 llollweg.
242 2627 306 2686 Hoc
321 2626 513 2706 apographo,
540 2623 626 2706 quod
645 2634 753 2706 postea
769 2623 887 2705 passim
904 2623 1087 2686 emendauit
1101 2624 1239 2686 Frideri-

64 2713 261 2788 cusBluhme‚
289 2730 397 2772 omnes
421 2729 502 2790 quae
525 2719 597 2772 ante
627 2730 745 2772 annum
771 2709 851 2772 1871
876 2710 998 2792 publici
1028 2709 1107 2774 iuris
1135 2711 1237 2774 iactae

63 2807 126 2858 sunt
146 2797 301 2860 editiones
317 2797 373 2860 Gai
396 2799 552 2859 nituntur.
594 2797 672 2858 Cum
695 2806 827 2878 propter
842 2795 1060 2879 imperfectam
1082 2797 1199 2860 codicis
1216 2797 1240 2859 0

63 2880 213 2944 lectionem
236 2883 395 2964 permulta
420 2881 639 2945 emendatione
663 2894 793 2964 egerent
816 2892 847 2946 et
869 2883 962 2945 multi
984 2884 1049 2945 uiri
1065 2882 1146 2946 docti
1162 2885 1237 2946 huic

64 2986 176 3047 operam
192 2969 315 3049 darent,
334 2989 427 3032 nemo
443 2969 624 3030 Goescheno
648 2978 702 3032 aut
721 2969 909 3032 concludere
925 2967 1077 3032 subtilius
1093 2979 1148 3032 aut
1162 2990 1238 3051 pro-

64 3050 128 3116 bare
142 3057 246 3132 acrius
259 3057 457 3118 coniecturas
469 3057 588 3136 potuit3
607 3057 750 3136 proxime
767 3055 806 3118 ad
817 3057 903 3118 hunc
914 3055 1035 3118 accedit
1047 3057 1097 3118 uir
1109 3055 1149 3118 de
1162 3057 1237 3119 Gaio

61 3150 122 3217 post
139 3141 356 3204 Goeschenum
380 3143 497 3222 optime
520 3142 654 3204 meritus
677 3142 844 3223 Philippus
866 3141 1037 3205 Eduardus
1059 3143 1220 3204 Huschke.

134 3229 258 3290 Nouum
282 3227 398 3292 codicis
423 3229 447 3289 G
467 3228 684 3309 apographum
707 3229 777 3309 ipse
801 3230 892 3291 annis
917 3230 1011 3290 1866.
1039 3227 1235 3290 1867.1868

60 3309 188 3376 Veronae
211 3313 332 3376 confeci
356 3324 388 3376 et
406 3315 497 3376 iussu
513 3313 691 3376 academiae
707 3315 813 3395 regiae
829 3316 1035 3376 scientiarum
1049 3314 1237 3376 Berolinen-

62 3398 97 3459 sis
116 3401 157 3462 ita
179 3409 325 3462 ornatum
350 3399 435 3462 edidi
451 3419 532 3462 anno
551 3399 643 3479 1871,
669 3410 706 3462 111
728 3401 856 3462 ueritati
871 3403 1049 3481 proximam
1065 3400 1236 3481 imaginem

60 3483 195 3548 redderet
204 3485 241 3569 ¹).
289 3487 324 3548 ln
346 3487 505 3567 prooemio
528 3487 605 3548 huic
627 3488 821 3567 apographo,
849 3486 935 3566 quod
960 3487 997 3548 0⁸
1019 3497 1092 3550 nota
1115 3487 1236 3568 signifi-

61 3570 200 3653 cabimus,
227 3575 402 3654 praemisso
425 3571 560 3634 delatis
583 3581 614 3634 et
637 3572 821 3635 condicione
845 3573 962 3636 codicis
987 3573 1010 3634 G
1031 3573 1075 3635 ita
1098 3573 1165 3654 egi,
1199 3581 1235 3634 ut

60 3654 102 3718 hic
121 3661 230 3740 paucis
253 3678 289 3720 ea
313 3659 482 3721 absoluere
506 3659 609 3739 liceat,
636 3677 718 3738 quae
742 3658 782 3722 ad
797 3657 916 3720 librum
931 3661 1143 3721 Veronensem
1159 3678 1235 3740 per-

60 3742 160 3807 tinent.
200 3747 272 3827 lpse
296 3747 449 3826 pleraque
472 3763 514 3806 ex
536 3745 592 3824 eis,
620 3763 703 3824 quae
719 3754 791 3806 ante
806 3765 857 3807 me
873 3746 1035 3808 Goeschen
1057 3755 1089 3806 et
1103 3746 1235 3806 Bluhme

59 3878 250 3893 ᾕ-

118 3953 139 4013 t)
162 3953 236 4003 »Gaii
250 3953 455 4003 Institutionum
475 3953 661 4002 commentarii
674 3955 811 4016 quattuor.
844 3952 952 4003 Codicis
965 3952 1131 4002 Veronensis
1143 3951 1233 4001 denuo

58 4017 135 4070 collati
153 4022 341 4087 apographum
361 4019 477 4072 coniecit
494 4023 521 4072 et
539 4023 616 4072 iussu
639 4021 796 4072 academiae
819 4023 908 4086 regiae
933 4021 1111 4071 scientiarum
1129 4019 1232 4068 Beroli-

59 4089 242 4208 arrcrr⁴s8iq4eqlidit
260 4089 411 4142 Guilelmus
422 4089 603 4164 ¹studemuud.
633 4091 739 4140 Prostat
750 4091 855 4155 lipsiae
874 4090 946 4156 apud
959 4089 1130 4140 Salomonem
1144 4087 1232 4137 Hirzel
