2966 4758
516 383 602 394 ..-
649 347 709 411 189
754 382 839 393 -.-
1004 346 1221 413 wareo-ree

45 541 109 602 430
223 538 395 602 Videamus
406 538 502 600 etiam
513 537 553 600 de
564 535 872 618 praescriptionibus
888 555 970 616 quae
985 546 1132 618 receptae
1148 545 1224 600 sunt

46 628 104 688 434
134 645 194 707 pro
217 635 334 688 actore.
368 625 470 704 Saepe
494 623 579 686 enim
602 643 642 685 ex
663 641 728 686 une
750 621 926 702 eademque
949 622 1141 704 obligatione
1164 623 1224 684 ali-

134 711 214 792 quid
244 711 307 774 iam
329 709 486 791 praestari
508 720 646 790 oportet,
679 709 802 790 aliquid
824 709 858 770 in
880 709 987 772 futura
1009 707 1222 790 praestatione

134 808 201 862 est:
236 797 338 860 ueluti
361 815 433 858 cum
457 796 490 858 in
512 797 653 876 singulos
675 815 775 858 annos
797 796 851 858 uel
872 813 1000 858 menses
1022 804 1141 858 certam
1163 814 1223 876 pe-

137 886 264 948 cuniam
286 882 431 963 stipulati
453 880 624 960 fuerimus3
649 901 725 944 nom
740 881 838 944 linitis
853 880 1046 961 quibusdam
1061 882 1153 943 annis
1168 889 1223 944 eut
1241 891 1256 937 s

134 969 302 1032 mensibus
324 969 419 1030 huius
442 967 574 1048 quidem
595 969 750 1048 temporis
772 968 942 1049 pecuniam
956 968 1113 1048 praestari
1129 985 1223 1048 opor-

133 1067 191 1136 tet,
216 1056 397 1118 luturorum
419 1063 526 1117 autem
548 1073 702 1117 annorum
724 1072 800 1116 sane
823 1052 955 1134 quidem
976 1053 1125 1134 obligatio
1147 1071 1224 1114 con-

133 1151 235 1206 tracta
257 1141 461 1221 intellegitur,
486 1141 756 1221 praestationem
779 1137 883 1202 adhuc
905 1140 994 1202 nulla
1013 1148 1072 1201 est.
1103 1139 1132 1201 si
1147 1157 1222 1218 ergo

133 1230 274 1292 uelimus
302 1225 337 1288 id
366 1225 497 1306 quidem
525 1227 610 1307 quod
638 1225 794 1308 praestari
824 1235 960 1308 oportet,
993 1235 1105 1307 petere
1135 1225 1223 1287 etin

134 1314 289 1378 iudicium
312 1311 482 1392 deducere,
508 1313 648 1376 futuram
667 1332 745 1375 uero
760 1310 962 1393 obligationis
976 1310 1223 1393 praestationem
1242 1320 1273 1367 44

135 1403 170 1462 in
198 1400 321 1482 integro
350 1399 552 1480 relinquere,
585 1418 714 1461 necesso
738 1407 787 1460 est
808 1408 846 1460 ut
867 1418 939 1460 cum
961 1399 1019 1459 hac
1040 1397 1224 1478 praescrip-

134 1487 221 1549 tione
244 1503 434 1568 agemussi
456 1505 508 1546 ans
529 1505 645 1547 4444444
667 1504 750 1546 cvivs
772 1503 1012 1560 nr1n1nsrv1r3
1039 1482 1180 1564 alioquin
1195 1482 1223 1544 si

135 1573 205 1635 sine
236 1573 295 1633 hac
317 1570 567 1652 praescriptione
590 1571 765 1652 egerimuS,
799 1590 836 1632 ea
858 1569 980 1632 seilicet
1001 1569 1136 1632 formula
1159 1587 1223 1650 qua

134 1658 292 1720 incertum
314 1659 465 1738 petimus,
489 1657 503 1739 44
524 1658 616 1719 cuius
639 1658 773 1718 intentio
795 1656 845 1718 his
866 1656 977 1720 uerbis
999 1663 1152 1737 concepta
1174 1663 1325 1730 estpgaee

136 1762 280 1818 ovrnovrn
308 1762 400 1804 4444444
423 1763 454 1806 u.
479 1761 622 1806 urcrnrrrr
643 1765 671 1804 4.
695 1761 804 1804 acano
826 1761 902 1804 444444
923 1760 1032 1803 uacuus
1055 1761 1219 1820 oronrnan,
1242 1755 1273 1800 44

134 1839 233 1892 totam
256 1827 498 1910 obligationem,
523 1828 558 1891 id
581 1838 629 1892 est
651 1829 747 1892 etiam
769 1829 909 1892 futuram
931 1829 965 1889 in
987 1829 1046 1890 boc
1067 1826 1223 1889 iudicium

135 1915 334 1994 deducimus,
354 1925 386 1978 et
401 1935 484 1996 quae
507 1924 581 1977 ante
600 1914 733 1997 temlpus
748 1915 1224 1996 obligatio-———-

1 2035 2 2072 ,
569 2037 1223 2046 --.-..-.,..-.---....

1 2159 2 2170 4
43 2087 122 2149 434·
136 2084 227 2172 -4
266 2087 343 2150 Item
367 2088 394 2148 si
417 2087 510 2149 uerbi
533 2088 634 2167 gratia
649 2106 689 2148 ex
705 2095 810 2168 empto
827 2105 968 2169 agamus,
993 2095 1029 2149 444
1042 2086 1135 2148 nobis
1150 2085 1224 2149 iun-

136 2173 197 2236 dus
219 2172 378 2254 mancipio
401 2173 505 2251 detur,
532 2171 687 2235 debemus
709 2173 763 2236 boe
784 2173 871 2235 modo
885 2172 1106 2254 praescribere
1120 2193 1156 2234 444
1171 2192 1223 2234 uus
1241 2185 1273 2230 44

135 2278 252 2321 44444444
273 2279 311 2320 nn
333 2278 431 2321 rvnno
454 2277 657 2338 4444444444,
684 2268 721 2321 ut
738 2267 859 2340 postea,
886 2259 914 2321 si
928 2260 1076 2342 nelilmus
1092 2277 1225 2322 uacuam

135 2346 371 2427 possessionem
393 2343 485 2406 nobis
501 2344 596 2424 tradi,
614 2369 632 2402 4
643 2341 807 2428 trad—l

135 2427 979 2515 ——--——-——-—-———l—-sumus,
1010 2429 1108 2492 totius
1138 2430 1225 2492 illius

136 2517 218 2579 iuris
245 2517 396 2598 obligatio
424 2516 478 2578 illa
506 2515 634 2600 inserita
657 2518 778 2580 actione
802 2535 945 2590 4444444444
969 2534 1007 2578 oe
1028 2535 1087 2578 44444
1108 2535 1167 2577 unu
1190 2535 1221 2576 u.

136 2621 279 2666 4444444444
308 2623 337 2664 4.
366 2622 473 2665 nonno
501 2622 578 2664 4444444
606 2621 715 2666 444444
745 2622 897 2682 oronrnr,
933 2621 995 2683 per
1023 2603 1225 2664 intentionem
1242 2614 1275 2660 44

136 2688 351 2769 consumitur,
388 2698 424 2752 ut
456 2698 568 2769 postea
600 2691 693 2752 nobis
722 2709 816 2770 agere
844 2687 1029 2752 uolentibus
1058 2687 1098 2751 de
1124 2706 1225 2750 uacua

51 2774 112 2835 434
137 2775 336 2857 possessione
364 2774 519 2838 tradenda
545 2777 634 2838 nulle
656 2777 795 2857 supersit
817 2774 908 2838 actio.
956 2775 1223 2854 Praescriptiones

137 2869 238 2923 cutem
267 2861 442 2942 appellatas
471 2880 541 2924 esse
564 2861 604 2924 ab
627 2882 664 2924 co
687 2861 773 2942 quod
796 2871 872 2924 ante
894 2861 1044 2923 formulas
1066 2859 1225 2940 praesori-

52 2946 113 3007 433
136 2947 268 3026 buntur,
293 2948 485 3029 plusquam
508 2945 710 3011 manifestum
733 2957 792 3010 est.
832 2948 892 3010 Sed
913 2946 961 3008 bis
988 2945 1120 3027 quidem
1142 2955 1225 3008 44444-

134 3033 286 3114 poribus,
313 3035 395 3096 sieut
418 3052 516 3116 supra
538 3053 666 3114 quoque
688 3035 886 3115 notauimus,
912 3051 1021 3096 omnes
1044 3030 1225 3114 praescrip·
1243 3045 1275 3090 ao

205 3227 280 3294 4444
299 3230 390 3294 sopra]
410 3230 496 3296 4444.

1168 3339 1221 3356 *AN

205 3414 220 3462 4
240 3423 305 3461 nam
319 3409 456 3470 4444444444,
477 3423 532 3460 non
547 3409 592 3470 0¹¹,
612 3411 680 3474 coos.
698 3411 730 3463 0²
743 3425 806 3475 pop.
818 3417 869 3466 280
887 3425 958 3464 44444.
972 3416 1005 3467 44
1024 3412 1035 3474 44
1055 3414 1086 3460 44
1106 3410 1175 3462 luit?
1191 3423 1226 3461 44

134 3479 182 3530 liet
200 3483 346 3530 correctum
360 3477 380 3529 G
396 3475 406 3544 44
423 3482 525 3528 44-44
544 3480 667 3530 lacunam
680 3485 740 3542 post
757 3484 867 3546 tempus
885 3482 1004 3544 Kmeper
1020 3482 1055 3530 cd
1073 3481 1227 3532 secundom

135 3547 215 3611 (conf.
237 3553 323 3599 44444444
343 3546 384 3609 0⁸)
404 3550 441 3598 sie
458 3549 575 3610 supplet:
600 3547 728 3612 obligatio
746 3550 774 3598 in
798 3549 932 3600 iudicium
955 3549 1110 3612 deducitur,
1138 3562 1171 3599 ex
1193 3562 1226 3599 ea

135 3617 328 3668 condemnatio
346 3615 405 3666 fleri
423 3630 479 3667 non
496 3619 586 3682 potest
603 3629 692 3680 neque
710 3631 807 3668 rursus
825 3618 860 3669 de
872 3632 903 3670 ea
916 3619 959 3682 egi
973 3620 1073 3684 potest.
1091 3617 1102 3680 44
1122 3621 1153 3668 44
1173 3617 1226 3668 hoc

134 3684 219 3738 modo
237 3686 368 3748 suppleuit
385 3686 525 3746 Peleaccr,
545 3686 613 3748 eoos.
636 3685 668 3736 C·
684 3683 694 3752 44
717 3689 746 3735 44
769 3686 952 3752 mancipando
974 3687 1009 3738 (5¹¹
1028 3689 1162 3748 (correctis
1179 3687 1226 3736 sub

132 3757 212 3819 44444
236 3756 329 3805 litteris
346 3767 381 3804 an
399 3767 434 3804 ee
451 3755 477 3805 io
496 3768 513 3806 a
534 3753 574 3816 01)
593 3755 604 3817 44
623 3757 723 3804 44-44
750 3756 873 3807 laeenam
892 3760 953 3818 port
973 3754 1045 3806 tradi
1069 3757 1104 3806 cd
1120 3759 1226 3806 44444444-

135 3825 208 3883 tiam,
228 3837 281 3873 ooo
299 3824 333 3873 od
345 3824 438 3874 dectus
455 3826 603 3887 spatiumne
616 3824 692 3886 444444.
709 3823 762 3885 0¹),
780 3827 819 3876 4444
836 3838 859 3876 e.
872 3838 899 3889 p.
913 3826 1015 3888 supplet
1027 3825 1162 3888 Krueper:
1180 3821 1225 3874 uel

134 3891 246 3944 tradita
263 3905 295 3944 ea
313 3891 347 3942 de
360 3893 497 3943 euictione
510 3891 590 3944 nobis
601 3893 702 3954 caueri,
723 3894 822 3944 iterum
835 3908 869 3945 ex
879 3899 971 3960 empto
985 3906 1064 3958 agere
1076 3893 1223 3958 possimus.

135 3961 257 4026 alioquin
270 3962 294 4011 si
305 3961 497 4025 praescribere
510 3959 611 4029 (obliti)
623 3973 742 4022 sumus,
762 3962 863 4015 4441444
875 3968 926 4014 444.
947 3964 958 4028 44
976 3967 1007 4014 44
1020 3975 1070 4028 per
1085 3960 1224 4019 (lecaraco,

135 4032 220 4094 pem‘l
247 4029 267 4080 0
290 4033 352 4080 44444
378 4030 523 4081 4444444444
549 4030 561 4096 44
584 4032 763 4082 intentionem
791 4032 935 4092 Goesclrea,
964 4030 1147 4096 inlteultionel
1174 4028 1194 4079 C
1216 4024 1225 4095 44

137 4101 168 4148 48
187 4101 278 4150 autem
293 4098 432 4159 Goesetec,
452 4099 524 4164 siq·‘l
539 4100 559 4151 C
576 4100 587 4164 44
604 4099 833 4166 praescribuntur
847 4102 985 4164 Goarclteo,
1006 4097 1227 4166 praescribentur

140 4167 174 4218 0¹¹
192 4167 204 4230 44
222 4171 255 4218 44
275 4166 325 4220 aed
345 4167 482 4229 64444444,
504 4169 527 4218 si
548 4168 575 4232 0,
596 4169 663 4233 coos.
686 4169 718 4221 0⁴
732 4182 795 4234 pcc.
808 4174 861 4221 4444
877 4184 948 4223 cers.
964 4176 989 4220 4.
