2908 4764
270 369 293 418 11
312 366 472 432 4444-444
663 400 747 411 -.
794 366 833 428 74
877 399 962 412 ..-

270 556 465 620 tusconsulto
487 555 603 618 erroris
626 572 720 616 causa
742 553 901 634 probatur,
928 555 1004 632 quia
1026 551 1106 614 iorte
1127 571 1167 614 ex
1182 554 1360 633 peregrina

270 643 323 706 uel
338 642 446 705 Latina
470 660 551 723 quae
574 660 633 722 per
655 657 795 702 errorem
811 641 901 719 quasi
917 639 995 702 ciuis
1010 639 1147 700 Romana
1163 657 1243 700 uxor
1258 638 1359 700 ducta

271 738 365 804 esset,
390 737 484 790 natus
503 737 603 804 esset;
628 746 701 790 nam
716 727 785 788 siue
801 727 894 788 heres
910 725 1074 788 institutus
1090 733 1173 788 esset
1188 745 1206 787 a
1208 734 1358 826 ‘parente

270 817 340 877 siue
363 812 536 876 exheredat
524 822 585 893 tus,
613 813 682 876 siue
705 815 781 876 uiuo
804 820 894 892 patre
917 829 1011 874 eausa
1033 810 1167 892 probato
1189 810 1258 872 siue
1256 821 1358 898 post
1377 823 1388 868 4
1446 865 1447 874 ,

270 897 401 964 mortem
425 900 502 976 eius,
530 901 614 960 omni
637 898 728 960 modo
750 898 843 978 quasi
866 893 1041 982 cgndjtione
1064 895 1233 977 rumpebat
1252 883 1358 959 testa·
1339 887 1447 970 -pagoti

186 988 244 1049 443
270 996 423 1049 mentum.
463 1003 548 1048 nunc
569 1004 646 1046 uero
669 1004 709 1046 ex
731 1003 814 1046 nouo
836 983 1109 1047 senatusconsulto
1126 982 1212 1063 quod
1226 992 1357 1046 auctore

270 1072 345 1136 diuo
366 1071 524 1136 Hadriano
546 1069 663 1133 factum
685 1080 744 1148 εει,
770 1069 930 1151 siquidem
951 1070 1026 1132 uiuo
1048 1078 1138 1150 patre
1161 1087 1255 1132 causa
1277 1088 1358 1149 pro-

269 1159 369 1238 batur,
395 1177 497 1238 aeque
519 1166 555 1218 ut
577 1157 652 1218 olim
673 1157 759 1218 omni
782 1155 873 1218 modo
903 1155 1022 1236 rumpit
1049 1163 1290 1232 testamentum
1325 1156 1357 1216 si
1445 1155 1447 1192 4

269 1263 346 1308 uero
368 1253 440 1325 post
461 1252 594 1305 mortem
616 1245 727 1323 patrie,
752 1242 946 1322 praeteritus
968 1241 1098 1322 quidem
1118 1242 1239 1321 rumpit
1253 1249 1357 1303 testa·
1445 1197 1447 1320 4

270 1339 422 1408 mentum,
448 1331 475 1392 si
497 1348 574 1392 uero
596 1330 719 1390 heres
711 1348 744 1390 rn
766 1347 801 1389 eo
824 1329 961 1408 scriptus
984 1336 1031 1390 est
1053 1328 1106 1390 uel
1122 1325 1351 1405 exheredatus
1375 1341 1447 1386 44

270 1435 332 1478 non
355 1416 474 1496 rumpit
487 1424 730 1492 testamentum3
756 1433 797 1476 ne
819 1415 941 1476 scilicet
963 1413 1135 1495 diligenter
1157 1411 1239 1476 iacta
1253 1422 1356 1476 testa-

269 1512 375 1564 menta
397 1501 654 1564 rescinderentur
676 1521 711 1563 eo
732 1509 873 1582 tempore
889 1520 952 1582 quo
967 1500 1114 1563 renouari
1130 1518 1193 1562 non
1208 1509 1352 1580 possent.
1446 1515 1447 1518 ’

185 1590 245 1650 444
270 1590 444 1650 Posteriore
460 1606 586 1668 quoque
601 1596 789 1650 testamento
805 1585 891 1667 quod
905 1586 975 1650 iure
991 1585 1180 1665 factumest,
1201 1584 1355 1665 superius
1446 1639 1447 1670 5

270 1673 440 1755 rumpitur.
473 1693 531 1736 nec
553 1673 697 1752 interest,
722 1692 763 1734 an
786 1671 928 1735 extiterit
949 1671 1065 1752 aliquis
1080 1691 1122 1733 ex
1137 1691 1173 1734 eo
1188 1672 1291 1750 heroe,
1311 1690 1354 1733 an
1446 1677 1447 1686 ‘

270 1780 333 1824 non
355 1759 512 1837 extiterit3
545 1761 603 1822 hoc
625 1759 710 1822 enim
733 1759 835 1822 solum
858 1768 1031 1839 spectatur,
1064 1777 1105 1821 an
1131 1756 1271 1820 existere
1294 1777 1355 1837 po-
1374 1771 1402 1816 44

270 1846 377 1909 tuerit.
417 1843 554 1926 ideoque
576 1845 604 1908 si
627 1845 700 1925 quis
722 1865 762 1906 ex
784 1845 957 1925 posteriore
976 1853 1166 1908 testamento
1181 1842 1268 1924 quod
1283 1843 1353 1906 iure

270 1931 468 2011 factumest,
495 1930 924 2009 autnolueritheresesse,
951 1940 1005 1994 aut
1019 1931 1094 1993 uiuo
1110 1939 1271 2010 testatore,
1299 1939 1355 1993 aut
1446 1933 1447 1982 ἒ

270 2027 341 2098 post
363 2027 495 2080 mortem
511 2017 590 2090 eius,
617 2026 671 2079 ant
673 2035 787 2096 equam
803 2016 1012 2080 hereditatem
1027 2015 1138 2096 adiret,
1164 2015 1350 2095 decesserit,
1446 2035 1447 2046 ³

271 2114 325 2166 aut
347 2123 407 2184 per
428 2102 598 2165 cretionem
621 2103 771 2165 exclusus
794 2101 900 2182 inerit,
927 2113 981 2166 aut
1004 2101 1186 2164 condicione
1211 2101 1353 2182 subque
1446 2137 1447 2190 5

270 2191 362 2252 heros
385 2188 549 2252 institutus
572 2198 621 2252 est
643 2188 851 2251 deiectust
809 2189 861 2266 sit,
888 2198 942 2252 aut
956 2197 1087 2268 propter
1102 2187 1296 2250 coelibatum
1312 2207 1353 2250 ex
1371 2200 1447 2246 44

270 2277 339 2357 lege
361 2275 443 2338 Iulia
466 2283 602 2340 summot
603 2295 640 2338 us
589 2274 759 2337 tfuerit
787 2273 827 2338 ab
850 2236 1041 2337 dereditate:
1064 2273 1193 2376 'quibus
1223 2274 1352 2336 casibus
1445 2333 1446 2336 ,

270 2361 511 2442 paterfamilias
527 2361 696 2424 intestatus
718 2360 860 2440 moritur,
887 2369 1008 2422 namet
1022 2359 1112 2440 prius
1127 2368 1352 2423 testamentum
1444 2361 1446 2406 ἓ

270 2467 333 2510 non
355 2449 452 2527 ualet,
477 2457 607 2528 ruptum
630 2469 648 2511 a
670 2447 860 2528 posteriore,
887 2455 919 2508 et
940 2446 1099 2527 posterius
1122 2465 1224 2526 aeque
1246 2446 1352 2508 nullas
1445 2497 1446 2514 2

185 2532 245 2593 445
269 2535 357 2598 uires
378 2535 482 2614 habet,
509 2554 580 2598 cum
602 2554 644 2596 ex
666 2554 702 2597 eo
724 2553 817 2596 nemo
839 2533 934 2596 heres
950 2531 1102 2596 extiterit.
1140 2530 1209 2594 Alio
1225 2551 1352 2612 quoque

160 2689 165 2702 ,
270 2621 360 2684 modo
383 2629 571 2684 testamenta
594 2620 663 2682 iure
686 2621 767 2683 facta
784 2619 994 2696 infirmaretur,
1019 2615 1235 2703 ueluti<com>
1252 2617 1351 2698 isqui
1370 2628 1401 2675 44

270 2706 381 2770 iecerit
408 2715 649 2786 testamentum,
684 2705 786 2786 capite
816 2705 998 2768 deminutus
1028 2704 1085 2780 sit3
1118 2704 1203 2784 quod
1233 2703 1352 2785 quibus

185 2790 246 2849 444
270 2793 372 2856 modis
395 2792 526 2871 accidat,
552 2792 654 2872 primo
677 2792 899 2855 commentario
922 2793 1057 2872 relatum
1072 2799 1132 2852 est.
1170 2792 1228 2852 hoc
1244 2801 1350 2853 autem
1445 2801 1446 2806 ’

270 2899 346 2942 casu
368 2875 472 2963 44114444
494 2877 562 2940 fieri
584 2887 772 2940 testamenta
796 2877 948 2956 dicemus,
974 2897 1046 2940 curn
1064 2875 1206 2956 alioquin
1222 2885 1255 2938 et
1269 2895 1350 2956 quac
1361 2895 1418 2948 pag
1419 2883 1445 2931 44

270 2973 475 3044 rumpuntur,
502 2962 599 3025 inrita
622 2963 699 3025 fiant
686 2961 789 3047 4,(44
809 2982 886 3044 qaue
907 2965 1010 3025 statim
1033 2962 1070 3024 ob
1093 2963 1177 3024 initio
1200 2981 1262 3024 cort
1284 2964 1350 3024 iuro

340 3192 352 3258 4
367 3195 415 3242 444
435 3191 491 3243 iere
510 3213 542 3236 =
561 3195 625 3245 inst.
641 3198 666 3253 4,
682 3198 723 3254 44,
738 3199 752 3244 4
772 3194 783 3258 ΙΙ
801 3193 814 3258 4
829 3196 877 3244 444
895 3207 982 3257 usqne
996 3193 1031 3244 ad
1044 3196 1075 3242 44
1091 3196 1178 3256 primo
1196 3213 1229 3236 --
1249 3196 1313 3246 inst
1326 3197 1350 3256 4,

272 3265 313 3325 44,
330 3264 343 3312 4
362 3262 373 3326 ΙΙ
389 3265 476 3325 primo
495 3263 686 3326 conmentario]
709 3268 731 3326 4,
749 3267 883 3312 444-444
902 3261 1006 3327 414444
1026 3282 1057 3305 =
1077 3263 1143 3312 inst.
1157 3266 1182 3324 4,
1198 3266 1239 3323 44,
1258 3268 1281 3314 5.

341 3480 350 3525 4
374 3477 503 3541 probatur
524 3477 661 3536 Goesctco,
683 3479 847 3540 pronatum?
868 3477 912 3539 01¹,
932 3477 999 3540 coos.
1024 3477 1055 3529 6⁸
1070 3490 1133 3541 pop.
1147 3481 1198 3528 444
1219 3477 1231 3541 [Ι
1255 3479 1269 3526 4
1290 3490 1351 3542 pro-

270 3544 334 3594 bata
349 3545 486 3608 Gccscteo,
507 3545 605 3610 probat
620 3545 683 3608 css-p
701 3548 807 3596 o'nouo
826 3560 860 3597 eo>
878 3559 950 3597 noua
962 3551 1106 3596 correctum
1121 3545 1140 3596 C
1156 3546 1167 3608 11
1187 3550 1217 3595 44
1238 3559 1272 3596 eo
1288 3546 1351 3597 Goe-

269 3615 356 3677 444444,
384 3627 431 3666 eos
452 3614 471 3666 C
494 3613 505 3678 ΙΙ
531 3619 561 3664 44
586 3628 618 3666 eo
640 3613 778 3675 desectae,
804 3628 849 3666 eos
872 3613 891 3666 C
913 3613 924 3678 ΙΙ
948 3618 978 3664 44
998 3613 1100 3665 facturn
1126 3613 1269 3677 Goescteo,
1297 3613 1352 3666 fac-

271 3685 364 3732 turum
384 3683 403 3733 G
422 3683 500 3747 (conf.
518 3683 550 3735 04
564 3679 711 3748 pauset),
738 3682 887 3748 perfectum
906 3685 969 3735 lost.
996 3682 1007 3747 ΙΙ
1032 3685 1061 3733 44
1087 3697 1121 3734 ex
1144 3696 1176 3733 eo
1201 3683 1282 3734 heres
1308 3683 1349 3741 (3¹¹,

271 3751 350 3802 heres
368 3765 400 3802 ex
419 3765 450 3802 eo
471 3753 533 3803 lost.
557 3752 568 3816 11
592 3757 622 3802 44
642 3754 792 3804 cretionem
813 3753 951 3812 Goesctec,
973 3753 1125 3817 ceptionem
1148 3751 1167 3802 G
1188 3750 1199 3814 ΙΙ
1222 3755 1254 3801 44
1274 3753 1352 3802 insti·

271 3821 344 3870 tutus
363 3821 435 3881 lust,
455 3821 575 3872 istitutus
597 3821 616 3872 0
633 3821 645 3884 ΙΙ
666 3825 695 3872 44
718 3821 818 3886 quibus
840 3821 883 3880 01¹,
904 3821 931 3870 in
950 3821 993 3871 his
1012 3821 1074 3872 4444.
1095 3821 1133 3882 (ot
1151 3823 1277 3871 orationis
1295 3822 1351 3871 tto-

270 3894 326 3940 tum
343 3890 516 3950 metamorp
539 3890 651 3952 sortasse
669 3903 732 3940 nam
753 3891 832 3952 (cers.
847 3890 891 3952 44)
908 3892 997 3950 potios
1015 3891 1149 3940 delendum
1167 3893 1205 3940 ert
1223 3889 1234 3954 ΙΙ
1257 3893 1289 3952 45
1309 3891 1351 3939 in·
1398 3925 1401 3930 .

271 3957 413 4009 firmantur
432 3957 506 4018 1444,
531 3957 684 4010 infirmatur
705 3958 738 4010 0¹¹
757 3957 767 4022 ΙΙ
786 3959 870 4010 ueluti
890 3970 953 4008 cum
971 3958 994 4009 is
1013 3959 1088 4024 4444,
1113 3957 1213 4009 uelutis
1234 3957 1254 4009 C
1273 3958 1349 4021 (coos.

275 4045 307 4096 0²
321 4057 384 4108 pop.
398 4049 448 4098 260
470 4057 540 4094 cerr.
557 4048 591 4098 44
607 4043 684 4106 seqq.)
710 4043 721 4106 ΙΙ
746 4048 777 4094 44
802 4045 889 4110 capite
913 4042 1071 4096 deminutus
1096 4045 1169 4103 4444,
1196 4027 1288 4094 iia
1308 4044 1349 4101 (51¹,

271 4113 339 4176 conf.
363 4113 394 4164 ι’·
411 4126 472 4177 pop.
485 4114 535 4166 275
559 4111 570 4174 14
593 4115 624 4162 44
644 4112 752 4163 accidat
772 4113 800 4174 0,
820 4111 921 4164 accidit
940 4113 1001 4164 4444.
1025 4113 1035 4178 ΙΙ
1058 4117 1090 4164 48
1110 4113 1234 4166 dicemus
1256 4113 1284 4174 G,
1309 4112 1363 4163 (44-Δ

272 4184 372 4232 cuntur
391 4183 451 4232 4444.
472 4181 483 4244 ΙΙ
501 4185 654 4243 44-44,4
673 4177 704 4248 <)
722 4183 821 4234 addidit
841 4181 970 4233 Goescteo
988 4195 1022 4234 ec
1041 4183 1103 4235 4444.
