2966 4758
508 423 591 430 „-
640 388 699 448 175
743 422 829 432 —.
1035 385 1069 433 1v
1088 383 1212 450 §ra-rs

127 589 192 640 tur.
223 597 297 641 nam
320 578 348 638 si
372 576 451 658 quid
474 578 546 639 eius
570 577 615 638 rei
640 577 741 657 gratia
757 596 829 638 eum
845 595 881 638 eo
897 581 1087 637 contractum
1103 573 1211 649 fuerit,

28 715 31 720 .
127 666 170 726 ita
187 672 315 745 praetor
330 665 381 725 ius
397 662 484 741 dicit,
509 672 545 724 ut
560 661 720 744 quidquid
735 665 768 723 in
784 662 831 724 bis
846 661 1006 723 mercibus
1020 656 1030 744 b
1044 663 1103 721 erit
1117 658 1318 740 qood-pens

127 769 184 833 que
200 749 270 812 inde
284 757 435 830 receptum
451 751 518 824 erit,
538 749 570 810 id
585 751 665 810 inter
680 744 832 834 (patrem)
846 740 1079 832 dominura<ue>,
1098 747 1128 807 si
1141 745 1214 828 quid

128 838 156 898 ei
170 835 335 915 debebitur,
351 843 380 898 et
389 843 502 898 eeteros
514 835 678 897 creditores
686 854 745 916 pro
757 841 829 896 rato
841 835 980 915 portione
995 831 1211 894 distribuatur.

49 957 106 1022 72,
986 919 1052 982 (fere
1069 923 1101 970 21
1120 930 1214 967 uorem
1232 960 1246 1006 5

126 1045 156 1093 io
176 1041 196 1092 C
214 1043 264 1106 ispi
280 1042 419 1104 nequeunt)

62 1165 104 1227 73
130 1163 204 1224 dum
220 1169 320 1224 autem
342 1163 513 1244 quaeritur,
539 1169 687 1244 quonium
702 1163 734 1223 in
745 1161 864 1242 peculio
879 1162 929 1240 sit,
956 1169 1025 1223 onte
1040 1155 1318 1244 ddkiuciturps-tti

129 1248 215 1328 quod
237 1249 322 1330 patri
345 1246 515 1310 dominoue
538 1247 659 1328 quique
682 1249 716 1308 in
739 1248 809 1310 eius
832 1255 987 1328 potestate
1019 1247 1076 1326 sit,
1109 1265 1126 1308 a
1149 1247 1213 1308 filio

129 1354 267 1396 seruoue
290 1333 438 1414 debetur,
472 1342 505 1395 et
527 1333 612 1414 quod
636 1342 797 1415 superest,
832 1334 891 1394 hoc
919 1333 1022 1395 solum
1051 1333 1213 1412 peculium

129 1441 200 1483 esse
224 1419 432 1500 intellegitur.
471 1419 640 1500 aliquando
663 1429 769 1482 tamen
792 1418 824 1480 id
848 1419 934 1499 quod
956 1419 985 1479 ei
1009 1417 1105 1482 debet
1127 1419 1212 1480 filius
1232 1425 1262 1471 ⁴⁰

128 1525 287 1569 seruusue
311 1507 367 1586 qui
390 1507 423 1567 in
446 1514 602 1587 potestate
625 1507 725 1586 patris
749 1505 911 1567 dominius
934 1505 991 1584 sit,
1024 1523 1087 1566 non
1110 1504 1214 1567 dedu-

107 1751 110 1757 ,
198 1693 255 1760 §73
275 1694 332 1746 iere
349 1715 381 1738 ε
398 1696 463 1746 Inst.
480 1697 503 1758 i,
520 1699 544 1757 7,
559 1698 596 1746 i0.

126 1796 541 1812 vawaevvvwvvvvwvxmww

198 1869 264 1916 s-lr
275 1868 405 1930 suppleuit
416 1865 545 1916 Goesotreo
555 1868 661 1918 odiost.
676 1863 687 1934 ΙΙ
698 1870 763 1915 5-7
774 1869 802 1916 io
814 1865 907 1928 epos
915 1867 1106 1926 distribuatur)
1116 1865 1171 1928 sere
1180 1871 1213 1918 21

126 1950 222 1986 uersus
233 1937 283 1999 topi
294 1939 431 1998 noqueunt,
443 1948 494 1996 pro
506 1937 597 1996 quibus
608 1938 637 1986 io
649 1936 852 1986 [restitutionibus
866 1937 903 1997 (t,
917 1937 943 1997 7,
956 1940 981 1986 5.
995 1940 1019 1984 t.
1035 1935 1073 1985 t‘i.
1087 1923 1125 1994 p)
1150 1935 1213 1984 tneo

128 2006 251 2068 iepuntur
274 2003 335 2070 [ec,
356 2017 421 2066 puae
442 2004 536 2054 Gaium
553 2008 699 2054 necessario
717 2006 836 2055 habuisse
853 2007 907 2054 iam
928 2005 1057 2054 Goesoben
1074 2005 1211 2062 intelteceit,

128 2075 303 2124 Institutionos
327 2078 414 2123 autem
437 2075 594 2132 orrdsoruut,
620 2075 660 2123 bis
681 2077 784 2123 enanis
802 2070 828 2140 ()
850 2075 1009 2135 saepsimus;
1034 2087 1100 2135 puae
1122 2074 1215 2122 leuiter

126 2144 290 2192 immutando
307 2147 392 2201 orout,
411 2142 543 2192 inclinatis
561 2143 653 2192 litteris
666 2145 842 2204 repressimus
842 2139 867 2206 ]:
887 2146 913 2193 et
925 2144 988 2206 quia
1001 2144 1054 2207 ipsi
1065 2137 1152 2208 (petri)
1164 2141 1216 2190 do-

126 2207 255 2278 mino(ue>
273 2210 493 2261 distributionem
511 2212 654 2275 permittit,
680 2213 701 2262 si
728 2213 790 2276 quis
812 2225 845 2261 ex
869 2211 1049 2262 creditoribus
1074 2212 1212 2276 queratur,

127 2282 207 2346 quasi
225 2283 316 2330 minus
335 2281 359 2330 ei
372 2277 504 2328 tributum
516 2279 551 2330 sit
563 2293 644 2343 quam
658 2281 818 2344 oportuerit,
837 2280 906 2330 hane
919 2281 944 2330 ei
956 2281 1090 2330 actionem
1103 2291 1225 2330 aeeom‹

129 2349 223 2400 modat
250 2363 320 2414 quae
342 2347 487 2398 tributoria
515 2349 674 2413 appellatur.
715 2345 736 2414 (ᾗ
755 2345 808 2415 72³)
830 2351 971 2400 Praeterea
995 2349 1150 2398 introducta
1175 2351 1215 2397 est

128 2420 201 2469 aetio
220 2418 254 2468 de
277 2417 385 2482 peculio
408 2418 496 2481 deque
520 2431 552 2468 eo
576 2418 650 2480 quod
673 2419 700 2467 in
726 2431 784 2467 rem
802 2414 903 2484 (patris)
926 2414 1081 2484 dommine>
1102 2429 1213 2467 uersum

129 2490 190 2547 erit,
210 2489 250 2549 ut,
271 2487 397 2551 quamuis
415 2487 474 2537 sine
492 2487 632 2536 uoluntate
650 2482 751 2552 (patris)
768 2483 923 2554 domini(ue)
947 2489 1085 2550 negotium
1109 2488 1213 2550 gestum
1253 2491 1257 2501 '

128 2558 190 2620 erit,
210 2559 300 2606 tamen
320 2556 378 2605 siue
396 2555 463 2620 quid
481 2555 508 2604 in
527 2568 585 2604 rem
605 2557 662 2606 eius
680 2568 791 2605 uersum
809 2554 902 2618 tuerit,
924 2556 952 2606 id
971 2558 1057 2605 totum
1074 2555 1215 2620 praestare

128 2625 237 2686 debeat,
263 2626 321 2675 siue
339 2623 405 2688 quid
424 2637 478 2674 non
497 2625 577 2674 sitin
599 2637 657 2675 rem
677 2625 736 2675 eius
752 2637 874 2686 uersum,
901 2624 928 2674 id
947 2628 1059 2674 eatenus
1078 2625 1214 2688 praestare

128 2695 236 2756 debeat,
258 2696 392 2758 quatenus
409 2692 547 2758 peculium
568 2695 679 2758 patitur.
709 2695 737 2742 in
755 2707 814 2744 rem
832 2696 923 2744 autem
940 2689 1041 2760 (patris)
1059 2687 1206 2757 dominius

127 2777 241 2815 uersum
260 2762 433 2825 intellegitur,
453 2761 586 2826 quidquid
604 2765 760 2813 necessario
778 2765 806 2811 in
818 2776 876 2812 rem
890 2765 949 2812 eius
961 2762 1115 2828 inpenderit
1126 2756 1206 2826 (filins

128 2827 292 2899 semustae>x
318 2831 405 2881 ueluti
430 2831 452 2880 si
472 2833 611 2882 mutuatus
634 2833 779 2895 pecuniam
805 2831 985 2882 creditoribus
1009 2833 1068 2882 eius
1091 2829 1211 2891 soluerit,

128 2905 175 2953 aut
193 2899 317 2952 aedificia
335 2901 441 2950 ruentia
453 2899 566 2962 fulserit,
582 2903 629 2950 aut
641 2899 759 2951 familiae
772 2899 937 2951 frumentum
950 2901 1055 2962 emerit,
1076 2899 1120 2950 uel
1133 2899 1214 2948 etiam

128 2971 244 3022 fundum
263 2972 309 3018 aut
327 2969 475 3033 quamlibet
493 2969 574 3018 aliam
587 2982 644 3020 rem
658 2971 840 3021 necessariam
852 2973 989 3021 mercatus
1002 2971 1061 3020 erit.
1087 2969 1178 3032 itaque
1191 2967 1215 3016 si

129 3054 161 3091 ex
180 3040 275 3090 decem
298 3040 330 3088 ut
352 3041 417 3102 puta
435 3040 560 3088 sestertiis
582 3051 651 3102 quoe
669 3051 766 3090 seruus
786 3042 881 3090 tunsa
900 3039 968 3089 Titio
986 3042 1082 3088 mutuo
1098 3037 1213 3100 accepit,

128 3109 259 3159 creditori
277 3109 325 3157 tuo
344 3108 463 3171 quinque
481 3109 601 3157 sestertio
619 3108 739 3170 soluerit,
759 3109 866 3172 reliqua
882 3121 948 3158 uero
961 3109 1081 3173 quinque
1094 3105 1215 3170 quolibet

128 3178 212 3228 modo
231 3176 440 3240 consumpserit,
461 3189 511 3240 pro
529 3177 651 3240 quinque
668 3177 780 3242 quidem
799 3179 825 3226 in
845 3178 963 3228 solidum
981 3177 1106 3226 damnari
1119 3174 1212 3234 debes,

128 3261 179 3312 pro
199 3245 297 3296 ceteris
313 3259 381 3296 uero
400 3245 520 3308 quinque
533 3247 654 3306 eatenus,
674 3248 810 3310 quatenus
822 3247 850 3296 in
861 3247 968 3312 peculio
981 3248 1024 3296 sit.
1049 3259 1081 3296 ex
1093 3258 1147 3308 quo
1161 3244 1215 3294 sei-

128 3317 194 3366 licet
212 3317 333 3380 apparet,
354 3315 377 3363 si
396 3315 455 3363 tota
472 3313 569 3363 decem
587 3317 706 3364 sestertio
724 3317 752 3364 in
770 3329 829 3365 rem
848 3318 923 3366 tuam
940 3328 1022 3365 uerso
1035 3313 1144 3376 fuerint,
1158 3315 1216 3361 toto

129 3385 225 3435 decem
237 3386 356 3434 sestertia
368 3383 468 3432 Titium
482 3384 612 3446 consequi
627 3397 714 3448 posse.
739 3384 803 3434 lieet
814 3385 887 3434 enim
899 3397 954 3434 une
973 3387 1007 3434 sit
1025 3384 1095 3434 actio
1115 3381 1215 3446 quade

128 3453 237 3518 peculio
256 3452 344 3516 deque
363 3465 394 3502 eo
414 3451 533 3515 quodie
553 3465 611 3501 rem
630 3449 730 3519 (patris)
748 3449 904 3520 dominius>
921 3465 1032 3502 uersum
1057 3453 1091 3502 sit
1115 3452 1213 3515 agitur,

129 3527 220 3573 tamen
234 3521 303 3572 duas
315 3520 398 3571 hahet
410 3520 659 3572 condemnationes.
685 3523 776 3585 itaque
795 3522 877 3572 iudex
890 3522 962 3586 apud
975 3534 1057 3586 quem
1068 3533 1099 3570 ea
1109 3521 1217 3570 actione

135 3593 230 3656 agitur,
252 3593 314 3640 ante
333 3589 467 3654 dispicere
486 3589 562 3652 sotei,
583 3603 617 3638 an
636 3591 664 3638 in
683 3603 741 3640 rem
759 3587 860 3657 (patris)
878 3585 1034 3657 dominiiue)
1045 3602 1158 3640 uersum
1170 3589 1213 3649 sit,

128 3673 179 3712 nee
197 3659 277 3710 aliter
295 3658 330 3708 ad
347 3659 450 3723 peculii
469 3659 683 3710 aestimationem
702 3660 808 3720 transit,
829 3673 910 3724 quam
930 3661 953 3709 si
971 3661 1019 3709 aut
1036 3658 1104 3708 nibil
1117 3659 1215 3707 iurem

128 3725 232 3796 (patris)
248 3723 405 3794 dominiiue)
422 3740 533 3778 uersum
546 3727 720 3791 intellegatur
732 3731 781 3778 aut
793 3741 847 3778 non
860 3731 957 3779 totum.
983 3733 1038 3778 tum
1050 3731 1174 3777 secuntur
1185 3739 1217 3776 eo

129 3812 195 3861 pune
219 3809 301 3858 supro
323 3799 404 3859 (uere.
425 3798 451 3857 7)
476 3809 511 3846 ee·
535 3797 597 3847 inst.
623 3798 740 3858 suppletu
763 3803 837 3848 suot:
863 3811 926 3848 cum
949 3799 1041 3848 autem
1064 3797 1214 3860 quaeritur,

130 3869 263 3932 quantum
281 3867 309 3915 in
327 3866 435 3930 peculio
448 3866 484 3916 sit
496 3868 548 3916 etc.
581 3867 632 3915 Pro
648 3867 700 3916 iltis
717 3867 843 3916 nonnullo
856 3868 959 3916 breuius
971 3868 1041 3928 opud
1056 3865 1150 3916 Guium
1167 3877 1216 3914 eu-

127 3949 222 3998 pressu
243 3934 325 3998 fuisse
348 3937 426 3996 spatii
447 3937 475 3983 in
496 3933 516 3984 C
539 3937 675 3998 oopustioe
698 3937 787 3985 docent
808 3932 818 4002 ΙΙ
843 3939 856 3984 t
875 3937 1003 3998 suppleuit
1030 3935 1159 3985 Goesotson
1182 3945 1216 3981 eu

132 4006 194 4056 lost.
213 4003 255 4072 [18
275 4003 348 4068 quod
369 4002 414 4064 ΟΠ,
434 4003 566 4068 quidquid
585 4004 648 4054 lost.
667 3999 676 4071 b
694 4005 795 4069 quique
817 4005 860 4067 0¹³,
882 4006 964 4068 quiue
984 4006 1045 4054 insi.
1063 3999 1072 4070 b
1089 4004 1148 4052 eius
1165 4014 1216 4066 po-

130 4075 225 4124 testate
241 4072 284 4134 011,
299 4074 430 4136 potestate
443 4073 501 4122 eius
513 4073 705 4124 Institutionum
717 4075 815 4124 codices
827 4074 953 4133 nonnulli,
967 4075 1099 4138 potestate
1113 4072 1218 4134 (omisso

132 4143 197 4206 eius)
224 4142 367 4192 eorundem
392 4143 490 4191 codices
509 4141 629 4192 BP⁸WE
651 4139 659 4209 ii
684 4146 698 4192 9
718 4142 771 4192 hoc
793 4142 837 4204 0¹¹,
864 4143 892 4194 id
911 4143 973 4192 lost.
998 4139 1009 4209 i}
1035 4145 1064 4190 tu
1088 4153 1148 4190 esse
1169 4138 1214 4200 0¹¹,

132 4211 265 4262 om.1nst.
