2908 4764
476 425 561 438 ..-
605 392 642 453 91
690 427 776 437 ...
962 393 986 441 u
1003 390 1161 457 §nat-ear

77 579 191 640 heredi
217 580 399 659 relinquere
420 589 644 660 praeterquam
663 581 755 641 inane
771 599 885 642 nomen
901 581 1041 657 heredis3
1069 580 1165 662 idque

78 665 128 726 lex
151 666 201 726 x-11
224 665 404 727 tabularum
432 667 617 746 permittere
639 665 830 743 uidebatur,
864 685 927 746 qua
949 675 1098 747 cauetur,
1131 677 1166 728 ut

77 751 165 831 quod
189 753 326 832 quisque
349 751 388 813 de
411 770 446 813 re
468 771 525 814 sua
547 761 682 814 testatus
698 761 793 829 esset,
819 751 853 814 id
869 761 971 814 ratum
986 753 1162 832 baberetur,

77 837 125 898 his
154 837 270 900 uerbis
299 857 345 898 rrr
369 857 506 900 nuenssrr
528 858 597 899 svin
620 857 686 916 nm,
719 858 767 899 rm
789 857 833 900 rrs
856 856 940 899 nsro.
985 857 1086 918 quare
1109 841 1165 918 qui

78 925 188 1004 scripti
214 923 348 986 heredes
370 935 472 1002 erant,
496 925 537 986 ab
560 923 735 986 hereditate
758 944 792 986 se
815 924 1034 1004 abstinebant,
1061 934 1092 986 et
1115 923 1198 988 id-t

11 1007 58 1070 225
78 1011 162 1072 circo
193 1009 338 1090 plerique
364 1011 506 1072 intestati
535 1010 763 1071 moriebantur.
811 1012 919 1091 ltaque
948 1012 1009 1072 lata
1039 1021 1086 1072 est
1114 1012 1166 1072 lex

77 1097 184 1174 Furia,
211 1115 285 1175 quo,
313 1095 454 1176 exceptis
472 1098 617 1176 personis
632 1096 835 1178 quibusdam,
861 1099 976 1158 ceteris
992 1097 1065 1176 plus
1081 1097 1165 1158 mille

76 1182 207 1244 assibus
229 1183 404 1262 legatorum
420 1184 548 1244 nomine
562 1182 716 1244 mortisue
732 1202 827 1244 causa
841 1201 956 1262 capere
972 1185 1164 1264 permissum

11 1263 13 1306 l
76 1287 139 1330 non
175 1275 233 1330 est.
281 1266 338 1330 sed
368 1277 400 1330 et
428 1268 508 1330 hoec
530 1270 582 1331 lex
604 1288 667 1330 non
690 1268 825 1349 perleeit
847 1268 933 1348 quod
954 1269 1074 1346 uoluit;
1108 1269 1164 1348 qui

78 1357 165 1415 enim
195 1353 288 1415 uerbi
318 1357 419 1434 gratia
442 1357 587 1435 quinque
609 1355 733 1416 milium
756 1356 840 1417 ueris
861 1356 1084 1435 patrimonium
1106 1355 1164 1416 ba·
1183 1371 1213 1416 00

77 1440 193 1518 bebat,
226 1448 347 1520 poterat
377 1441 521 1520 quinque
548 1441 731 1502 hominibus
753 1441 889 1522 singulis
911 1441 1056 1504 millenos
1078 1460 1164 1502 asses

11 1523 58 1588 000
78 1525 215 1608 legando
243 1533 343 1587 totum
365 1528 591 1607 patrimonium
613 1546 756 1608 erogare.
802 1526 875 1589 ldeo
897 1536 1007 1607 postea
1031 1528 1092 1590 lata
1116 1537 1164 1588 est

78 1613 130 1673 lex
151 1612 305 1691 Voconia,
339 1631 403 1691 qua
425 1623 552 1674 cautum
574 1622 639 1690 est,
672 1632 714 1674 ne
737 1613 789 1674 cui
811 1614 885 1693 plus
909 1614 1085 1692 legatorum
1107 1632 1165 1674 no-

78 1699 163 1760 mine
185 1699 338 1759 mortisue
362 1718 457 1760 eausa
477 1717 590 1779 capere
607 1699 720 1760 liceret
734 1717 830 1778 quam
845 1698 979 1760 heredes
1000 1707 1159 1780 caperent.

78 1804 117 1845 ex
140 1803 204 1864 qua
232 1784 302 1864 lege
331 1784 426 1864 plane
449 1782 580 1864 quidem
603 1784 725 1864 aliquid
752 1786 865 1864 utique
888 1784 1023 1847 heredes
1045 1785 1162 1846 habere
1183 1799 1213 1846 00

11 1867 13 1910 ²
79 1869 288 1946 uidebantur;
309 1871 365 1932 sed
374 1880 481 1932 tamen
494 1869 561 1932 iere
576 1871 692 1932 uitium
703 1871 807 1932 simile
820 1870 1028 1948 nascebatur3
1044 1889 1117 1932 nam
1129 1872 1162 1932 in

79 1957 194 2018 multas
217 1956 437 2036 legatariorum
460 1975 611 2038 personas
633 1956 803 2019 distributo
825 1959 1015 2038 patrimonio
1037 1966 1160 2038 poterat

81 2039 234 2126 (testator)
258 2041 335 2104 adeo
357 2041 468 2104 heredi
490 2044 657 2104 minimum
681 2044 879 2123 relinquere,
912 2053 950 2105 ut
975 2063 1038 2106 non
1061 2063 1160 2124 expe·

80 2129 163 2191 diret
185 2127 296 2189 heredi
318 2129 415 2189 huius
437 2129 519 2190 lucri
538 2126 648 2210 graltio
664 2129 762 2190 totius
777 2129 963 2192 hereditatis
978 2149 1075 2192 onera
1090 2143 1264 2204 sus-pg.⁴te

11 2210 60 2314 fll
81 2215 193 2276 tinere.
237 2216 310 2276 Lata
341 2225 389 2276 est
419 2217 528 2294 itaque
550 2216 603 2276 lex
625 2214 773 2292 Falcidia,
799 2234 862 2295 qua
885 2225 1013 2277 cautum
1036 2225 1094 2295 est,
1122 2235 1162 2278 ne
1180 2227 1212 2273 00

11 2321 13 2402 0
81 2301 153 2380 plus
174 2301 205 2361 ei
227 2301 335 2380 legare
359 2301 453 2362 liceat
474 2320 570 2382 quam
592 2300 789 2362 dodrantem,
819 2303 927 2381 itaque
949 2321 1078 2364 necesse
1100 2311 1158 2378 est,

11 2409 13 2440 z
82 2395 115 2447 ut
144 2388 236 2448 heres
259 2395 402 2466 quartam
425 2397 548 2467 partem
571 2386 757 2449 hereditatis
780 2388 905 2450 babeat.
946 2397 978 2448 et
1000 2389 1057 2449 hoc
1079 2407 1162 2448 nunc

12 2455 62 2528 008
82 2472 149 2534 iure
171 2471 303 2534 utimur.
343 2473 377 2534 ln
400 2471 603 2535 libertatibus
625 2492 754 2553 quoque
777 2472 893 2535 dandis
914 2474 1045 2534 nimiam
1059 2473 1161 2534 licen-

81 2559 154 2619 tiam
175 2560 361 2639 conpescuit
382 2558 436 2620 lex
450 2559 534 2620 Fufia
551 2559 694 2638 Caninio,
719 2561 802 2621 siout
824 2559 858 2620 in
880 2560 983 2640 primo
1002 2577 1162 2620 commen-

82 2645 159 2705 tario
182 2645 376 2706 rettulimus.
1177 2657 1210 2704 00

12 2723 62 2785 '229
167 2730 208 2811 00.
233 2749 271 2790 nn
293 2749 461 2792 rrvrrurrnn
481 2750 613 2792 uncus
632 2750 765 2793 nunnus.
790 2730 834 2812 0.]
868 2728 948 2791 Ante
964 2728 1093 2792 heredis
1109 2731 1161 2791 in-

12 2887 13 2900 *
83 2817 274 2877 stitutionem
296 2817 453 2877 inutiliter
473 2817 615 2897 legatur,
644 2818 765 2878 scilicet
787 2818 861 2898 quia
884 2825 1072 2878 testamenta
1094 2817 1160 2877 uim

12 2911 13 2940 ³
84 2920 122 2962 ex
149 2903 346 2964 institutione
368 2901 496 2964 heredis
517 2904 695 2983 accipiunt,
728 2914 760 2965 et
782 2903 823 2965 ob
845 2902 879 2965 id
901 2903 992 2965 uelut
1013 2913 1107 3001 eaput
1130 2911 1161 2964 et

13 3039 31 3128 l
84 2985 320 3050 fundamentum
342 2989 538 3068 intellegitur
559 2990 656 3050 totius
677 2990 860 3051 testamenti
883 2988 1010 3052 heredis
1032 2989 1162 3050 institu-

17 3065 248 3136 lectionari
278 3076 400 3135 ratione
431 3093 490 3136 nee
520 3074 653 3136 libertas
683 3085 756 3138 ante
780 3074 906 3138 heredis
929 3077 1160 3137 institutionem
1179 3087 1210 3132 00

13 3089 60 3222 llll
84 3158 151 3220 dari
175 3169 290 3241 potest.
337 3161 442 3222 Nostri
464 3170 682 3241 praeceptores
703 3181 765 3222 nec
786 3171 921 3224 tutorem
943 3180 981 3222 00
1004 3163 1069 3222 loeo
1092 3161 1161 3222 dari

13 3361 14 3366 ,
150 3311 221 3376 §227
241 3313 313 3364 conl.
332 3315 397 3363 lnst.
417 3319 441 3374 0,
456 3317 488 3362 22
502 3329 543 3380 pr
566 3315 578 3379 ΙΙ
599 3314 704 3379 0008·
694 3330 722 3364 m
737 3329 824 3377 000000
841 3316 1031 3379 coementario]
1055 3320 1064 3364 t
1087 3313 1160 3379 0000

13 3413 15 3465 h
85 3392 140 3443 seq.
157 3381 314 3446 lll²²9=
334 3384 543 3446 1000000030
562 3383 574 3448 l}
594 3381 722 3448 §aat=
742 3386 961 3445 0000000000.

14 3555 16 3594 3
153 3521 299 3570 tunenssrr
318 3533 379 3570 sven
399 3535 439 3570 um
460 3520 602 3580 00000000,
629 3521 746 3583 legasset
763 3535 828 3571 sutae
851 3535 895 3571 res
916 3520 936 3571 0
956 3520 967 3583 ll
990 3535 1074 3584 quare
1094 3520 1161 3571 000-

14 3581 15 3682 0
85 3587 166 3650 oeteo,
185 3588 322 3653 0000000
340 3588 351 3652 ΙΙ
369 3594 384 3639 t
403 3590 526 3654 heredes]
541 3590 608 3652 0000.
624 3589 1159 3654 00000.00000011700000000000,

86 3669 152 3718 quae
171 3657 214 3718 00,
237 3658 306 3721 0000.
329 3658 362 3708 0·
377 3672 439 3722 000
453 3659 563 3721 000000.
587 3658 599 3722 0
623 3661 654 3708 tt
674 3661 804 3724 caperent
828 3659 972 3718 00000000,
998 3662 1162 3722 caperentur

14 3751 16 3794 ς
89 3723 208 3789 0,οο00.
235 3726 268 3777 00
288 3740 351 3791 000.
371 3731 423 3778 000
447 3727 458 3790 [l
489 3732 520 3776 00
545 3726 706 3778 nascebatur
733 3727 876 3790 00000000,
903 3726 1085 3778 nascebantur
1111 3726 1130 3778 0
1151 3723 1162 3791 ΙΙ

14 3847 15 3866 ,
88 3796 118 3840 tt
137 3796 244 3846 testator
261 3798 409 3846 detinetur
433 3798 551 3846 00000000
573 3802 611 3847 est
628 3799 693 3847 0000
711 3797 893 3860 0000000000·οο
883 3795 963 3858 0.0000
986 3797 1018 3847 00
1032 3809 1096 3860 000.
1108 3798 1162 3847 007

14 3877 15 3916 t
87 3874 152 3911 00000.
165 3865 235 3927 0000
259 3869 291 3913 09
310 3865 403 3915 heredi
424 3865 566 3928 00000000,
586 3863 699 3927 hodic,
727 3865 795 3927 coos
817 3865 1024 3929 0000020011
1048 3867 1161 3928 gratiam

91 3928 138 3992 00
154 3935 179 3980 at
201 3934 371 3984 dodramtem
388 3934 408 3986 0
423 3930 433 4000 ll
451 3937 483 3983 22
502 3947 576 3984 nunc
591 3935 730 3994 00000000,
750 3947 801 3984 000
817 3934 861 3996 00,
881 3935 948 3997 0000
966 3933 999 3986 00
1013 3948 1076 3997 000.
1090 3930 1161 3998 20210

15 4029 16 4064 3
88 4000 119 4046 00
137 3999 263 4052 inutiliter
275 4003 349 4060 lust„
363 4004 468 4054 utiliter
482 4002 501 4053 0
517 4002 529 4066 ll
548 4006 580 4052 08
599 4003 708 4053 heredis
723 4002 752 4064 0
766 4002 899 4054 horedum
912 4004 975 4054 10000.
995 4002 1007 4066 ΙΙ
1024 4001 1099 4053 uelut
1114 4000 1158 4062 0⁰,

15 4067 16 4092 ¹
88 4066 168 4117 ueluti
186 4071 246 4122 lost.
266 4071 277 4134 ll
296 4077 399 4192 eaputc
401 4076 428 4124 et
454 4071 483 4132 0,
507 4078 588 4136 ceput
611 4075 693 4135 atque
711 4072 774 4124 lost
800 4072 811 4135 10
833 4075 860 4120 00
883 4076 1073 4137 praeceptores
1094 4069 1160 4120 000-

89 4135 174 4197 00000,
198 4141 413 4204 000000000000
418 4140 510 4203 ,0000
531 4140 732 4204 0000020001
751 4143 869 4191 tutorem
890 4140 1034 4200 00000000,
1058 4141 1161 4189 tutores

93 4201 426 4273 ffl,m0mm
