2908 4764
478 435 563 445 -
611 401 670 462 119
716 435 799 444 -
998 401 1033 450 111
1051 399 1174 466 §uo-or

99 597 235 652 neneunt
266 589 370 650 ueluti
400 607 511 650 eorum
542 589 662 669 quibus
691 598 813 650 certum
845 598 893 650 est
916 608 1020 670 neque
1044 588 1181 652 heredes

100 695 201 757 neque
231 674 386 736 bonorum
415 694 615 756 possessores
645 694 750 756 neque
779 675 881 737 ullum
904 676 1001 737 elium
1024 674 1037 756 11
1060 675 1178 738 iustum
1188 689 1284 752 pgute

53 762 82 822 n
101 779 314 824 successorem
338 762 486 822 existere.
534 760 701 842 Siquidem
723 761 792 822 uiui
814 761 897 822 bone
919 771 1068 841 ueneent,
1095 761 1182 824 iubet
1226 781 1229 789 ·

102 868 133 910 ee
160 856 290 928 praetor
317 865 376 926 per
404 846 474 908 dies
501 846 668 910 continuos
690 847 757 908 ix}
778 847 934 928 possideri
957 857 986 908 ct
1007 847 1177 928 proscribi;

103 936 126 995 si
146 953 224 996 uero
248 934 381 1012 mortui,
414 952 472 1014 per
494 933 562 996 dies
583 939 637 994 ᾖ.
676 943 785 1014 postea
807 933 893 995 iubet
916 934 1084 996 conuenire
1111 949 1214 996 ere-t

102 1019 214 1084 ditores
238 1028 270 1082 et
292 1038 333 1080 ex
354 1038 390 1080 co
413 1038 546 1081 numero
569 1021 756 1100 magistrum
779 1020 891 1097 creari,
918 1018 952 1080 id
972 1028 1020 1081 est
1035 1039 1107 1082 eum
1123 1039 1182 1100 per

102 1125 191 1186 quem
214 1106 297 1168 bone
321 1114 471 1167 ueneant.
501 1107 609 1186 itaque
632 1107 659 1167 si
680 1107 750 1167 uiui
772 1105 856 1167 bone
877 1114 1030 1184 ueneant,
1057 1105 1091 1166 in
1113 1105 1183 1166 die-

101 1191 160 1254 bus
182 1188 221 1274 <i
239 1187 400 1275 bonorum>
424 1191 627 1254 uenditionem
649 1191 720 1253 fieri
744 1192 843 1270 iubet,
871 1191 898 1253 si
920 1191 1046 1269 mortui,
1074 1191 1107 1250 in
1131 1190 1183 1252 di-

100 1276 203 1340 midio.
249 1277 359 1340 diebus
381 1279 482 1358 itaque
504 1278 574 1339 uiui
596 1277 679 1339 bona
697 1279 784 1358 ffi,
810 1279 926 1339 mortui
941 1297 1017 1339 nero
1032 1278 1076 1338 ᾗ
1091 1297 1183 1358 emp-

100 1363 156 1424 tori
179 1362 285 1426 addici
308 1363 408 1425 iubet.
453 1383 554 1444 quare
570 1373 676 1427 cutem
691 1363 815 1426 tardius
830 1365 1012 1426 uiuentium
1026 1364 1182 1426 bonorum
1201 1379 1234 1423 to
1260 1434 1262 1439 ,

14 1491 15 1494 =
100 1449 315 1512 uenditionem
345 1449 489 1530 conpleri
514 1449 621 1529 iubet,
655 1449 710 1512 ille
732 1450 811 1512 ratio
835 1459 900 1529 est,
934 1451 1012 1531 quia
1034 1449 1074 1511 de
1095 1449 1182 1511 uiuis

14 1531 16 1588 ἱ
101 1534 276 1598 curandum
300 1544 376 1614 eret,
403 1555 444 1596 ne
468 1533 560 1597 facile
583 1535 738 1598 honorum
760 1535 964 1598 uenditiones
982 1544 1179 1616 paterentur.

14 1691 15 1694 ¹
51 1625 80 1683 80
182 1622 293 1702 Neque
323 1630 429 1684 autem
457 1621 612 1683 bonorum
647 1641 863 1703 possessorum
897 1641 1002 1702 neque
1032 1621 1183 1684 bonorum

100 1715 265 1789 emptorum
294 1725 342 1768 rec
370 1708 466 1788 pleno
495 1709 564 1771 iure
594 1708 692 1788 fiunt,
727 1707 783 1770 sed
807 1709 955 1770 inbonis
979 1707 1179 1781 efficiuntur3

100 1812 138 1856 eae
159 1796 230 1855 iure
254 1793 425 1866 Quiritium
448 1803 553 1856 eutem
577 1794 620 1855 ite
643 1795 771 1856 demum
794 1793 1023 1875 adquiruntur,
1055 1793 1082 1856 si
1104 1811 1183 1855 usn-
1201 1809 1236 1854 te

99 1883 274 1960 ceperunt
302 1878 463 1941 interdum
487 1880 617 1961 quidem
640 1880 793 1955 bonorum
816 1879 1015 1960 emptoribus
1037 1899 1076 1941 ne
1097 1876 1183 1963 uleus

14 1965 16 1990 ⁸
100 1965 228 2046 quidem
256 1967 345 2046 cepio
369 1967 539 2047 contingit,
570 1967 674 2028 ueluti
697 1967 725 2028 si
1058 1963 1184 2049 ibono-

99 2071 166 2113 rum
189 2061 315 2132 emptor
331 2048 1184 2136 ’------------1---

101 2259 252 2268 ———-
281 2225 360 2286 ltem
383 2243 465 2304 quae
488 2222 593 2286 debito
614 2230 687 2285 sont
1013 2135 1097 2307 ilaue
1114 2225 1183 2305 ipse
1202 2239 1236 2284 to

101 2308 219 2389 debuit,
248 2327 354 2390 neque
377 2309 532 2371 bonorum
555 2328 719 2390 possessor
740 2328 838 2392 neque
858 2310 863 2392 1
882 2309 1038 2371 bonorum
1062 2319 1184 2391 emptor

102 2469 150 2486 ΝΛΛι

167 2573 180 2616 3
203 2572 230 2618 et
249 2573 309 2619 ante
327 2568 462 2632 siquidem
482 2569 553 2618 addit
572 2568 703 2618 Polenour
722 2567 734 2631 11
755 2568 815 2616 uiui
838 2581 872 2616 en
890 2567 956 2616 uiuo
974 2571 1119 2616 correctum
1139 2565 1184 2634 011

16 2689 17 2692 ,
104 2639 115 2684 t
133 2637 268 2702 possideri
285 2639 313 2686 et
334 2637 471 2697 Gocscben,
491 2635 678 2702 possederitC
695 2637 706 2700 11
724 2641 738 2686 t
757 2649 807 2700 per
827 2635 966 2695 Goeccbcn,
986 2640 1047 2699 post
1068 2634 1094 2696 C,
1115 2637 1181 2699 conf.

105 2705 132 2754 0
145 2709 272 2770 11119281
285 2707 296 2768 11
312 2706 386 2756 iubet
399 2706 536 2763 Goescben,
557 2706 652 2756 iubent
666 2705 692 2764 0,
713 2705 780 2767 conf.
797 2703 829 2754 (1Ει
843 2717 906 2768 pay.
920 2709 970 2758 211
989 2705 999 2765 11
1018 2708 1100 2754 7-11
1114 2705 1182 2768 cons.

16 2775 17 2788 ³
103 2775 218 2838 Krueqer
236 2775 364 2824 Kritiscuc
385 2776 511 2825 Versucbe
525 2788 586 2838 pop.
602 2778 650 2825 157
668 2774 680 2838 11
698 2778 711 2823 8
731 2770 758 2840 11
776 2775 876 2823 addidit
888 2774 1007 2837 Krucper
1019 2775 1035 2824 l.
1052 2774 1068 2822 l.
1086 2772 1097 2836 11
1114 2787 1185 2824 uen-

16 2867 18 2898 1
104 2843 241 2906 ditionem]
262 2845 281 2893 1‘1
301 2843 328 2903 C,
354 2843 421 2906 conf.
444 2843 475 2892 0²
495 2857 558 2907 pop.
572 2847 623 2894 509
642 2856 712 2892 nort.
726 2847 760 2894 25
784 2842 806 2904 11Ι
821 2846 885 2891 1-8
910 2843 1051 2893 Mommsen
1075 2844 1106 2892 ab
1130 2844 1185 2892 olio

103 2915 226 2964 sententia
241 2925 398 2976 proquessuc
414 2914 516 2962 mauult
533 2913 623 2976 idque,
644 2913 667 2962 si
684 2913 742 2962 uiui
760 2911 833 2961 bona
850 2914 978 2973 ueneunt,
1004 2912 1032 2960 in
1050 2910 1149 2962 diebus
1167 2913 1187 2966 ἵ(

103 2979 155 3032 fieri
175 2981 261 3042 iubet,
282 2984 334 3033 etc.
355 2982 449 3044 118-9
469 2980 592 3042 dimidio]
613 2983 747 3042 ecpectcri
764 2980 862 3030 diebus
879 2979 896 3030 u
915 2982 1050 3030 adnotouu't
1067 2981 1186 3044 Krueycr

17 3047 18 3076 ³
104 3051 118 3100 1.
137 3051 153 3100 l.
177 3051 189 3114 11
214 3051 394 3114 tin-1115}
416 3050 436 3102 0
459 3049 470 3112 11
494 3054 524 3099 tu
550 3049 718 3100 uiuentrusm
739 3050 796 3111 (sic)
818 3048 916 3112 01111
946 3049 1077 3114 compleri
1102 3051 1188 3100 Loeb-

17 3179 18 3190 1
103 3131 194 3179 monn,
221 3120 359 3184 complere
379 3119 399 3169 0
418 3119 429 3182 11
453 3123 482 3168 13
506 3117 642 3169 bonorum
666 3131 856 3183 possessorum
883 3118 1025 3178 Gocscben,
1049 3117 1185 3169 bonorum

17 3191 19 3210 '
103 3190 234 3252 possessio
257 3187 285 3248 0,
305 3187 589 3252 conscenduntur!
609 3189 709 3236 13-11
727 3187 862 3237 bonorum
882 3191 1036 3251 emptorum
1055 3201 1099 3238 res
1119 3187 1188 3238 Goe-

104 3257 183 3319 sobe,
199 3257 288 3308 nerii?
303 3256 330 3317 C,
345 3257 410 3320 ocus.
428 3255 460 3307 C²
474 3270 537 3320 paq.
551 3261 711 3320 2181111119.
725 3256 836 3318 2981111,
856 3256 867 3318 11
887 3260 988 3305 15-16
1000 3259 1187 3320 usuceperunt

105 3326 260 3388 Lachmann,
280 3325 541 3390 ususceperiunt‘tC
559 3326 638 3388 (conf.
657 3325 709 3387 0²),
730 3327 930 3388 usucapiuntur
944 3325 1073 3375 Goesoben
1090 3326 1101 3388 11
1119 3329 1187 3374 16-

106 3397 132 3442 tt
151 3400 270 3456 eoepectes
289 3409 323 3446 ne
334 3397 466 3457 usucapio
479 3395 590 3458 quidem
604 3395 743 3458 contingit,
764 3394 830 3456 cons.
846 3398 959 3448 tument
979 3392 1036 3457 §to
1054 3393 1065 3456 11
1085 3397 1184 3442 ut-eo

19 3501 21 3526 1
105 3461 218 3514 Huschke
235 3467 388 3514 sententium
405 3465 443 3512 sic
460 3465 576 3525 suppleri
589 3476 667 3524 posse
685 3466 822 3524 opinatur:
840 3462 958 3526 reclutit)
977 3463 1005 3512 ei
1016 3463 1188 3526 peregrinus

19 3533 20 3544 ¹
105 3531 137 3582 dt
152 3533 309 3584 bonorum
321 3535 452 3593 emptor,
471 3546 522 3582 nec
535 3531 844 3583 senatusconsultum
857 3533 1032 3582 concesserit
1044 3533 1102 3582 eius
1115 3533 1188 3582 ciui-

106 3602 148 3649 tati
166 3604 209 3652 ins
228 3614 370 3663 quoquae
388 3601 502 3652 ciuibus
521 3604 576 3651 eius
593 3603 686 3663 populu·
710 3615 726 3650 a
749 3600 854 3650 ciuibus
878 3601 1006 3650 Romanis
1030 3601 1186 3651 alienantur

105 3679 261 3732 usucapere
275 3673 408 3733 possunt.
434 3670 511 3733 (conf.
533 3683 599 3731 quae
624 3670 741 3720 Huschke
764 3672 792 3719 in
817 3671 925 3720 editione
947 3673 1043 3731 quartu
1066 3671 1188 3720 adhunc

19 3753 21 3768 ³
106 3736 183 3788 lucum
209 3740 365 3798 adnotouit).
402 3739 483 3789 Aliter
501 3740 620 3803 Krucqer
638 3741 654 3789 l.
670 3741 686 3788 l.
705 3752 768 3802 paq.
785 3742 834 3789 158
847 3751 910 3799 seq,
938 3741 979 3788 cui
1000 3738 1081 3788 Gaius
1105 3741 1189 3802 episto

106 3809 205 3858 utetur
229 3809 259 3858 de
277 3810 434 3870 usucapione
457 3821 523 3869 quoe
547 3821 600 3857 non
624 3810 739 3871 concipit,
765 3809 787 3856 si
807 3820 858 3868 per
881 3820 923 3857 eos
947 3808 1014 3857 bonu
1036 3809 1183 3866 uenierunt,

20 3897 21 3942 }
106 3877 194 3935 unibus
211 3877 275 3928 nibil
293 3878 404 3926 debitum
422 3881 487 3936 erat,
510 3878 553 3926 uel
577 3879 608 3926 dc
627 3878 752 3926 bonorum
768 3877 915 3927 conditione
933 3878 1014 3926 aliurn
1031 3878 1061 3926 cb
1079 3887 1187 3926 coucam

106 3945 178 3995 irrito
194 3945 265 4008 sacto
285 3946 362 4008 (conf.
378 3959 398 3996 e.
413 3960 438 4009 9.
453 3945 512 4009 Dio.
528 3951 570 4008 12,
586 3951 611 4006 1,
625 3947 651 4007 7,
664 3950 682 3996 5
694 3950 718 3996 et
730 3951 772 4007 12,
789 3951 813 4008 5,
827 3946 872 4006 30)
894 3945 905 4008 11
926 3949 956 3994 20
970 3959 1021 4006 seq.
1037 3945 1188 3994 Lucumone

20 4011 21 4029 ¹
106 4013 139 4062 itu
155 4015 299 4076 suppleuit:
323 4015 391 4064 item
410 4028 478 4078 quae
496 4014 587 4064 debite
606 4017 669 4065 sunt
686 4015 711 4064 ei
730 4016 809 4064 ouius
827 4012 938 4064 fuerunt
954 4013 1040 4070 bonu,
1061 4014 1108 4062 eut
1126 4012 1184 4075 ipse

108 4083 153 4134 eto.
167 4083 178 4144 11
195 4086 222 4131 tt
239 4083 376 4133 bonorum
393 4084 460 4145 (cute
477 4087 592 4147 emptor)
611 4083 748 4145 Goescuen,
770 4083 873 4132 bonum
889 4082 916 4144 0,
936 4082 1003 4144 cons.
1020 4080 1120 4143 Cenon.
1134 4084 1187 4134 258

107 4161 171 4202 uere.
182 4156 212 4200 19
226 4152 236 4215 11
248 4157 398 4212 21-120,1
414 4165 466 4202 non
474 4154 542 4202 mole
553 4151 670 4202 Huschke
679 4153 742 4202 tolio
754 4155 903 4213 temptauit:
916 4163 1018 4210 neque
1029 4151 1187 4200 bonorum

107 4224 274 4354 ffossoeqsqsori
290 4234 380 4282 neque
397 4221 547 4274 bonorum
565 4223 697 4283 emptori
714 4221 783 4282 ipso
801 4221 870 4272 iure
893 4219 1040 4271 debentur
1064 4222 1111 4269 eut
1133 4219 1184 4284 ipsi

22 4339 23 4348 ,
125 4299 138 4337 e
160 4300 221 4351 ent,
