2966 4758
444 793 612 867 444444(
638 795 936 892 4444444444,

633 967 754 977 «ιι-...ι-

97 1080 192 1156 Ἀχ4444
210 1087 249 1148 (io
266 1098 347 1136 444444
364 1084 509 1144 444444νὶ444
530 1087 566 1136 444
585 1088 643 1136 444.

1 1177 2 1198 1
98 1155 245 1220 Agrippina
266 1153 379 1217 (Claudii
396 1153 472 1216 uxor)
494 1155 506 1204 1
525 1158 566 1206 64.

1 1219 2 1224 ’
97 1227 128 1278 4.
146 1223 272 1274 Annaeus
289 1225 393 1274 Seneca
410 1235 466 1274 cos.
487 1225 521 1284 (o.
536 1229 570 1274 44
584 1237 613 1286 p
631 1223 691 1278 Chr
704 1226 744 1289 o.)
760 1227 789 1276 «44
807 1229 866 1276 444.

1 1308 2 1321 ’
96 1293 265 1346 Antoninus:
285 1291 357 1343 4444.
378 1292 547 1345 constitutio.

96 1363 233 1414 Atilianus
250 1364 326 1412 tutor
342 1361 354 1410 1
373 1363 432 1410 484.
454 1359 535 1425 [494]

97 1431 207 1496 Bithyni
228 1429 279 1493 (lex
295 1429 482 1494 Bithynorum)
504 1431 516 1480 I
535 1433 594 1482 494.

101 1501 148 1554 Gn.
165 1499 296 1550 4444444444
313 1498 420 1550 Caelius
439 1497 556 1550 Sabinus
576 1501 795 1561 44444444444444
814 1503 849 1552 444
868 1465 909 1555 44.
929 1505 987 1552 444.

1 1578 3 1584 ’
97 1569 213 1621 Caesar:
235 1567 306 1621 4444.
323 1567 405 1619 Nero.
491 1605 494 1612 .

98 1636 296 1690 Cascellianum
315 1637 449 1687 iudicium
467 1637 503 1686 lv
523 1639 594 1686 4449.
616 1641 674 1689 449.

104 1707 132 1758 G.
147 1707 257 1758 Cassius
268 1707 402 1770 4444444444
415 1707 635 1768 (iurisconsultus)
655 1708 745 1757 4494.
765 1709 790 1758 44
810 1712 852 1760 49.
873 1712 931 1759 494.
952 1711 1011 1760 444.
1033 1712 1124 1762 44444.
1146 1716 1204 1762 444.
1226 1715 1286 1763 444.

98 1844 234 1896 Claudius
248 1845 260 1894 Ι
278 1847 331 1893 449.
349 1845 411 1893 444
432 1814 548 1906 (44444444
573 1843 645 1896 4444.
663 1847 831 1908 constitutio,
850 1847 901 1908 lex,
922 1849 1197 1899 senatusconsultum.

99 1914 258 1966 constitutio
275 1913 407 1979 principis
425 1914 479 1964 44
500 1917 542 1963 4.

169 1981 300 2034 Antonini
320 1981 511 2046 (imperatoris)
532 1983 689 2032 constitutio
708 1982 743 2032 de
762 1985 861 2048 ecqui
883 1985 942 2035 siue
965 1997 1048 2036 causa
1072 1999 1184 2037 seruum
1208 2001 1290 2038 suum

315 2051 529 2110 occiderit15³;
550 2051 674 2102 eiusdem
691 2053 824 2118 principis
842 2055 998 2104 constitutio
1011 2054 1045 2105 de
1058 2054 1196 2107 dominis
1189 2071 1218 2106 44
1232 2070 1291 2108 444-

315 2133 366 2171 444
385 2119 571 2170 saeuientibus
589 2121 600 2168 1
619 2124 661 2172 44.

213 2188 507 2254 -44444444444444
528 2190 692 2254 rescriptum
710 2188 745 2238 de
763 2191 865 2240 erroris
884 2203 966 2242 causa
984 2191 1126 2257 probanda
1144 2195 1156 2244 Ι
1173 2197 1214 2246 44.

214 2286 282 2294 ——
297 2258 425 2323 ‘leptimi
443 2258 624 2322 imperatoris)
645 2257 761 2322 epistula
779 2258 814 2308 de
832 2259 1012 2324 inpuberibus
1024 2262 1187 2342 adoptandis
1205 2266 1288 2316 4444.

214 2354 283 2363 -
322 2326 511 2392 (imperatoris)
537 2327 701 2408 rescriptum
725 2327 759 2378 de
783 2327 918 2378 bonorum
940 2331 1113 2394 possessione
1138 2332 1290 2383 secundum

317 2396 426 2447 tabulas
443 2397 597 2446 testamenti
616 2408 671 2446 444
688 2397 749 2446 iure
765 2394 851 2448 444444
867 2399 953 2462 petita·
969 2399 992 2448 11
1011 2403 1060 2449 444
1074 2413 1131 2464 seq.
1148 2397 1167 2467 (4
1176 2398 1225 2468 494

213 2489 282 2503 --
320 2465 507 2530 (imperatoris)
526 2465 689 2528 rescriptum
706 2465 741 2515 de
759 2465 895 2516 bonorum
911 2469 1083 2531 possessione
1102 2472 1197 2520 contra
1209 2469 1292 2520 tabu·

316 2533 357 2584 las
374 2548 391 2584 a
408 2533 502 2584 liberis
520 2533 645 2584 feminini
663 2546 743 2584 sexus
761 2536 846 2598 petita
863 2536 886 2585 44
905 2539 978 2588 444.

213 2602 509 2670 ---.(imperateris)
530 2603 693 2667 rescriptum
710 2603 745 2654 de
763 2605 921 2670 exceptione
940 2605 995 2657 doli
1008 2607 1073 2658 mali
1086 2609 1196 2672 scriptis
1209 2608 1290 2660 here-

317 2671 398 2722 dibus
416 2671 539 2738 opposita
557 2673 581 2721 11
599 2675 671 2722 4449.

213 2767 283 2778 -
322 2741 387 2805 ((4444
405 2742 453 2802 Pii)
475 2741 633 2792 constitutio
652 2741 686 2791 de
704 2741 784 2805 legat'
777 2756 800 2793 rs
817 2742 995 2808 adquirendis
1014 2745 1038 2794 44
1057 2748 1115 2794 494.

170 2810 276 2860 Claudii
295 2810 415 2860 edictum
434 2810 468 2860 de
481 2810 594 2873 Latinis,
613 2811 776 2874 quomodo
769 2824 811 2862 rus
823 2811 969 2872 Quiritium
982 2816 1185 2878 consequantur
1196 2815 1207 2864 1
1220 2818 1274 2868 449.

172 2879 302 2930 Hadriani
322 2879 396 2943 (diui)
419 2880 584 2944 rescriptum
601 2879 636 2929 de
653 2881 793 2944 responsis
810 2881 987 2946 prudentium
1005 2883 1016 2932 4
1034 2887 1059 2932 4

103 2981 109 2996 .
213 2974 283 2984 -
343 2975 378 2985 -
421 2948 541 2999 edictum
559 2947 594 2999 de
610 2949 720 2999 ciuitate
738 2950 858 3000 44444444
875 2949 992 3015 petenda
1010 2953 1021 3001 1
1040 2955 1082 3002 44.

343 3044 379 3054 -
421 3017 585 3082 rescriptum
603 3016 638 3068 de
655 3021 757 3068 erroris
775 3031 858 3070 causa
875 3019 1015 3084 probanda
1033 3021 1045 3070 1
1064 3025 1105 3070 44.

344 3113 378 3122 -
421 3086 455 3136 de
473 3085 568 3136 liberis
585 3085 709 3138 mulieris
727 3086 829 3139 liberae
847 3101 917 3153 quae
935 3101 998 3140 cum
1022 3089 1111 3141 444444
1136 3102 1216 3142 seruo
1242 3104 1291 3141 44-

422 3156 485 3206 ierit
501 3156 513 3204 1
531 3156 573 3207 84.

343 3251 379 3260 -
422 3224 545 3275 edictum
563 3223 597 3275 de
614 3226 765 3290 peregrinis
783 3226 829 3290 qui
847 3225 900 3277 sibi
917 3225 1066 3292 liberisque
1084 3229 1142 3280 suis
1154 3229 1292 3280 ciuitatem

423 3295 571 3344 Romanam
589 3295 717 3359 petierint
734 3297 745 3344 1
764 3298 805 3346 94.

347 3387 381 3396 -
424 3361 589 3426 subscriptio
616 3362 650 3413 de
677 3365 765 3428 patria
792 3366 924 3429 potestate
954 3365 1013 3415 eius
1043 3367 1091 3430 qui
1117 3379 1180 3417 cum
1207 3379 1292 3418 uxore

421 3433 569 3496 praegnate
588 3432 699 3482 ciuitate
716 3434 836 3483 Romana
855 3433 971 3484 donatus
988 3435 1024 3485 sit
1041 3434 1052 3482 1
1071 3437 1113 3485 94.

345 3527 379 3536 -
422 3500 456 3551 de
480 3501 583 3550 maiore
601 3501 653 3550 ffi
675 3513 824 3561 annorum,
851 3503 898 3566 qui
922 3503 1102 3555 hereditatem
1125 3505 1238 3569 adierit,
1265 3506 1293 3555 in

422 3571 558 3633 integrum
576 3569 743 3620 restituendo
761 3571 784 3620 ll
803 3573 861 3620 444.

346 3665 382 3675 -
425 3639 581 3689 constitutio
600 3637 634 3689 de
652 3638 740 3702 legato
759 3641 903 3690 extraneae
915 3653 1048 3705 personae
1060 3656 1111 3708 per
1122 3645 1292 3708 praeceptio·

424 3721 487 3758 nem
504 3706 598 3758 relicto
617 3707 639 3756 ll
659 3711 718 3757 444.

344 3803 379 3810 -
422 3777 586 3841 rescriptum
612 3775 646 3827 de
673 3777 823 3841 legatorum
849 3779 876 3828 et
902 3776 1176 3832 fideicommissorum
1203 3782 1294 3832 usuris

346 3939 380 3950 -
424 3915 594 4033 ffitfflpaque
612 3913 761 3966 diuidenda
778 3913 971 3966 fideiussorum
996 3915 1159 3981 obligatione
1178 3919 1213 3968 444
1234 3922 1292 3970 444.

176 4172 198 4235 44
220 4169 338 4222 Nomina
355 4171 423 4236 legis
441 4171 558 4224 latorum
577 4172 648 4227 4444.
669 4158 766 4226 subu,
788 4174 862 4235 ,least
