2908 4764
199 550 357 626 legerant,
383 544 581 622 confirmare,
608 544 707 605 multa
731 543 899 623 corrigere,
926 561 989 604 non
1011 561 1111 623 pauca
1134 544 1258 623 primus
1281 544 1394 625 legere
1451 547 1453 622 ζ

201 632 302 715 potui.
346 627 494 692 Attamen
516 637 647 710 propter
668 629 817 690 miseram
838 629 1011 690 multarum
1033 625 1292 692 membranarum
1314 650 1398 692 con-
1451 649 1453 708 1

201 719 358 781 dicionem
380 717 490 778 multis
511 716 589 777 locis
619 716 714 776 etiam
743 733 830 776 nunc
860 713 939 776 adeo
968 715 1036 777 hiat
1065 717 1163 777 oratio
1187 714 1324 794 Gaiana,
1360 725 1398 779 ut
1451 713 1453 786 j

200 805 264 866 nisi
287 805 343 883 qui
366 803 447 865 iuris
470 803 512 864 sit
534 801 799 880 consultissimus,
826 799 943 862 edendi
966 799 1022 862 Gai
1044 799 1185 863 cilicium
1208 803 1296 865 solus
1317 821 1398 865 sus·

200 891 306 971 cipere
329 907 392 950 non
415 887 541 950 debeat.
582 889 692 967 ltaque
716 907 789 949 cum
811 906 869 967 ego
891 887 1008 948 soleam
1030 896 1131 950 artem
1153 888 1295 950 criticam
1314 909 1398 951 con·

201 974 320 1056 saeptis
342 974 532 1056 philologiae
556 973 675 1036 finibus
702 974 875 1035 terminare
904 981 936 1034 et
965 972 1261 1036 iurisconsultorum
1291 973 1398 1037 disci·
1452 1007 1453 1038 3

200 1064 322 1144 plinam
344 1080 407 1122 non
422 1070 459 1122 ut
473 1078 576 1122 meam
590 1058 770 1140 possideam
785 1057 841 1121 sed
856 1067 893 1120 ut
907 1057 1042 1120 alienam
1058 1059 1238 1140 libauerim,
1258 1061 1398 1124 Paulum
1452 1071 1453 1128 ξ

201 1151 353 1230 Krueger,
387 1147 459 1228 qui,
492 1147 520 1208 si
548 1145 589 1207 ab
617 1144 858 1226 incomparabili
881 1145 1033 1208 Theodori
1054 1147 1227 1208 Mommsen
1249 1147 1398 1210 sollertia
1451 1153 1453 1194 ἰ

200 1235 389 1312 recesseris,
422 1233 456 1293 in
485 1232 628 1294 fontibus
657 1232 737 1294 iuris
759 1232 889 1293 Romani
913 1230 1046 1294 edendis
1067 1231 1162 1294 hodie
1185 1231 1276 1294 facile
1301 1235 1399 1313 prin·
1451 1299 1453 1304 ,

201 1323 304 1401 cipem
326 1320 431 1381 locum
460 1327 563 1398 tenet,
598 1317 749 1400 precibus
779 1317 861 1395 adii,
892 1326 929 1378 ut
957 1337 1026 1380 eam
1056 1319 1228 1399 praecipue
1258 1317 1399 1382 editoris
1451 1341 1453 1362 ⁴

201 1406 410 1489 prouinciam,
436 1424 532 1485 quam
553 1403 593 1466 ad
608 1403 891 1466 administrandam
908 1404 1102 1467 accuratiore
1117 1405 1197 1466 iuris
1213 1406 1399 1484 cognitione
1452 1413 1453 1472 i

178 1510 281 1572 ¹opus
311 1500 410 1569 33331,
440 1492 629 1572 susciperet.
683 1489 760 1552 Inde
790 1490 888 1570 igitur
918 1489 958 1550 ab
987 1509 1068 1553 anno
1101 1492 1182 1552 4869
1217 1490 1399 1555 subsiciuis

200 1579 353 1640 feriarum
368 1577 454 1639 horis
466 1578 610 1658 Krueger
626 1584 659 1638 et
674 1595 731 1656 ego
744 1575 856 1638 Gaium
871 1594 935 1638 una
951 1579 1158 1639 tractauimus
1169 1585 1205 1638 ‘et
1219 1575 1400 1641 editionem
1452 1595 1453 1658 3

201 1667 338 1746 primam
357 1663 555 1725 absoluimus
571 1662 632 1724 sub
648 1661 744 1723 finem
760 1662 836 1722 anni
853 1660 947 1723 4873.
981 1663 1082 1736 Quam
1098 1663 1268 1744 quominus
1283 1667 1399 1726 statim
1415 1658 1420 1666 ’
1452 1667 1453 1678 ’

199 1749 323 1833 publici
345 1751 427 1812 iuris
450 1749 637 1830 laceremus,
663 1766 727 1809 non
743 1749 896 1828 Kruegeri
919 1749 1013 1830 culpa
1034 1748 1105 1830 iuit,
1132 1747 1189 1811 scd
1204 1747 1397 1832 ciliciorum,
1452 1809 1453 1818 ,

201 1855 283 1918 quae
307 1855 363 1915 ego
386 1835 438 1897 hic
460 1837 613 1914 sustineo,
639 1834 721 1896 mole
744 1833 892 1896 effectum
915 1843 978 1912 est3
1007 1854 1089 1915 quae
1111 1845 1148 1897 ut
1169 1834 1245 1896 inde
1261 1835 1400 1899 demum

202 1923 242 1986 ab
265 1929 385 1983 aestate
407 1921 483 1982 anni
508 1919 589 1981 4876
620 1920 706 2002 typis
736 1918 975 1982 describeretur
1005 1930 1037 1982 et
1067 1940 1148 1983 anno
1174 1919 1256 1982 4877
1287 1923 1401 1985 absol-

199 2015 331 2072 ueretur
346 2006 443 2068 editio
458 2007 560 2088 prima
575 2007 731 2086 permisit.
771 2008 835 2068 Neo
849 2005 1002 2068 Theodori
1018 2008 1190 2070 Mommsen
1214 2005 1400 2071 fidelissimi

202 2104 234 2157 et
249 2112 371 2156 summe
387 2092 556 2155 reuerendi
572 2093 664 2154 amici
679 2093 757 2154 mihi
774 2091 876 2154 defuit
891 2111 1005 2173 opera:
1032 2091 1060 2154 is
1083 2094 1168 2155 enim
1191 2095 1283 2156 annis
1310 2094 1399 2158 4876

201 2176 341 2244 314877
369 2179 506 2260 benigne
537 2179 695 2241 3131111113
724 2198 761 2240 ea
791 2197 872 2257 quae
902 2179 1049 2242 nouanda
1079 2199 1149 2242 esse
1177 2180 1212 2241 in
1241 2190 1400 2244 contextu

202 2267 318 2330 Gaiano
342 2274 503 2344 censeret,
538 2264 703 2326 nobiscum
734 2265 966 2327 communicare
996 2265 1098 2327 uoluit
1128 2267 1209 2328 3131
1232 2285 1295 2345 qua
1319 2287 1401 2348 gra-

199 2353 291 2416 uiora
313 2351 456 2413 inscitiae
478 2370 567 2413 13333
591 2351 698 2432 elapsa
721 2359 828 2413 333331
854 2349 1009 2413 indicauit
1032 2361 1065 2413 et
1086 2352 1293 2415 multifariam
1316 2372 1402 2416 con-

201 2440 281 2502 siliis
310 2437 445 2500 adiuuit.
492 2439 674 2500 Mommscni
704 2437 942 2500 adnotationum
971 2437 1141 2518 plerasque
1172 2457 1244 2500 cum
1274 2442 1400 2504 nostris

201 2525 349 2588 contexui
371 2524 532 2605 adscripto
555 2524 675 2605 ubique
698 2525 882 2585 Mommseni
906 2521 1075 2606 nomine.²)

287 2613 359 2673 Post
380 2610 556 2673 absolutam
579 2629 662 2673 anno
685 2608 768 2670 4877
792 2610 849 2670 Gai
872 2608 1044 2692 editipncm
1065 2607 1199 2690 primam
1222 2628 1294 2672 33111
1315 2614 1401 2674 mihi

201 2716 279 2760 uere
303 2696 379 2758 anni
397 2696 478 2758 4878
502 2705 535 2758 31
556 2704 674 2758 aestate
696 2697 773 2757 anni
790 2697 871 2755 4883
895 2696 1006 2757 1133131
1027 2697 1167 2758 Veronae
1191 2701 1398 2779 commorari,

203 2783 333 2846 Carolus
359 2801 463 2844 comes
490 2782 640 2858 Giuliari,
673 2779 882 2842 bibliothecae
908 2781 1091 2862 capitularis
1113 2780 1291 2862 preelectus
1315 2785 1402 2847 mihi

202 2869 429 2945 amicissimus,
457 2866 699 2945 liberalissime,
731 2874 767 2927 ut
789 2866 867 2927 solet
888 2867 940 2928 uir
962 2868 1126 2948 egregius,
1158 2870 1324 2949 permisit,
1363 2881 1403 2935 ut

202 2955 286 3016 locos
302 2953 471 3015 nonnullos
487 2951 681 3014 difficiliores
697 2951 802 3026 denuo
818 2970 889 3014 cum
909 2952 1016 3015 codice
1033 2954 1185 3036 rescripto
1200 2953 1399 3019 conferrem.

203 3041 262 3101 Per
283 3058 400 3120 paucos
417 3057 457 3100 311
471 3039 592 3119 paucis,
619 3056 697 3118 quos
713 3057 795 3100 anno
812 3037 894 3099 4878
911 3041 1051 3102 Veronae
1068 3039 1181 3121 degere
1197 3042 1274 3103 mihi
1291 3045 1403 3106 conti-

203 3127 258 3207 git,
278 3121 393 3187 diebus
409 3125 524 3186 laboris
540 3124 659 3186 socium
675 3143 744 3186 sese
760 3123 876 3187 obtulit
887 3126 1002 3188 Paulus
1014 3128 1166 3207 Krueger,
1181 3145 1241 3207 per
1251 3128 1402 3208 reliquos

203 3230 321 3292 eosque
343 3211 452 3292 plures
475 3211 561 3272 solus
584 3209 721 3272 oiiicium
744 3210 929 3274 conserendi
961 3213 1111 3274 sustinui.
1161 3213 1209 3274 Ex
1238 3215 1402 3278 remediis

203 3298 362 3375 chemicis,
388 3297 506 3378 quibus
521 3297 590 3378 ipse
612 3296 686 3358 olim
701 3298 793 3360 annis
810 3297 893 3359 4867
917 3306 949 3360 31
965 3299 1046 3358 4868
1063 3317 1141 3360 3333
1157 3317 1254 3376 eram,
1280 3305 1402 3380 paucis

203 3385 279 3446 locis
302 3381 442 3453 codicem
464 3383 578 3444 leuiter
600 3382 787 3463 latigauerat
808 3384 928 3446 kalium
941 3384 1233 3465 sulphocyanatum
1256 3387 1402 3450 mixtum

204 3470 315 3551 paucis
337 3471 435 3550 guttis
458 3467 540 3530 acidi
563 3468 736 3547 muriatici3
764 3489 823 3531 nec
845 3478 950 3532 tamen
973 3471 1158 3532 commissae
1174 3471 1312 3533 iniuriae
1328 3477 1404 3538 urit

273 3692 298 3754 2)
316 3693 378 3742 »Gai
395 3693 589 3742 institutiones.
621 3691 662 3742 Ad
680 3692 784 3742 codicis
797 3693 960 3744 Veronensis
978 3693 1164 3760 apographum
1177 3694 1402 3748 Studemundia-

204 3773 271 3820 num
289 3761 318 3810 in
335 3773 417 3810 usum
435 3757 591 3811 scholarum
603 3760 748 3812 ediderunt
760 3760 859 3813 Paulus
871 3763 992 3826 Krueger
1009 3765 1036 3813 31
1048 3762 1197 3814 Guilelmus
1209 3763 1402 3819 Studemund.

205 3831 279 3880 Inest
291 3829 405 3896 epistula
417 3831 512 3880 critica
524 3829 660 3880 Theodori
672 3830 832 3882 Mommsen.
858 3831 977 3882 Berolini
988 3831 1061 3896 epud
1073 3831 1279 3882 Weidmannos.
1301 3836 1404 3886 t877.«

205 3901 236 3949 ln
255 3898 306 3948 1133
324 3898 438 3962 epistula
457 3899 552 3949 3111133
571 3899 722 3949 Mommsen
740 3912 786 3950 eas
811 3899 1015 3950 obseruationes
1039 3902 1245 3965 composuerat,
1272 3915 1347 3965 quae
1370 3907 1403 3956 in

206 3969 265 4033 ipso
284 3969 416 4032 apparatu
433 3968 528 4018 critico
547 3966 673 4018 editionis
691 3982 706 4019 3
725 3967 928 4019 3311334817
948 3972 1057 4020 3313133
1082 3971 1312 4021 commemoratae
1338 3986 1402 4025 non

204 4040 292 4088 31331.
324 4036 405 4087 Ν3113
423 4037 450 4086 111
463 4036 514 4087 hac
526 4035 609 4087 341313
622 4037 750 4098 editione,
770 4050 851 4102 quam
864 4038 942 4088 311313
954 4041 1021 4088 4888
1035 4041 1140 4089 314881
1153 4039 1320 4103 1313311333,
1336 4039 1403 4096 1313

205 4119 300 4157 omnes
312 4105 500 4156 adnotationes
513 4106 748 4167 Mommsenianas‚
762 4108 814 4157 nisi
827 4119 896 4170 quae
913 4107 1007 4158 1131313
1021 4107 1126 4159 codicis
1139 4107 1287 4160 Glectione
1299 4110 1403 4164 irritae

204 4173 290 4227 iactae
308 4177 394 4236 31331,
414 4175 442 4226 13
460 4177 550 4240 ipsum
569 4177 729 4240 apparatum
748 4177 872 4227 criticum
890 4177 1051 4240 recepimus.
